2604 4216
565 399 732 456 assultat.

161 545 295 609 Arboris.
340 544 439 610 Arbor
452 547 502 624 ibi,
517 547 610 610 niveis
623 548 884 630 succidamus,
939 601 941 613 .

160 643 266 706 Ardua
279 665 388 722 merua,
403 657 475 720 erat,
489 643 588 726 gelido
601 646 785 708 contermina
795 644 875 708 sonti.

160 737 257 802 Pacta
270 741 406 824 placent:
429 754 459 804 et
474 741 537 817 lux,
550 741 632 804 taadb
647 740 791 804 decedere
806 743 876 820 uisa,
975 780 979 788 ν
1053 752 1055 759 ’

161 835 364 920 Pracipitatur
379 839 471 921 aquis,
487 851 518 900 et
532 837 617 920 aquis
627 855 690 900 nox·
703 839 791 920 surgit
806 839 842 900 ab
852 836 962 912 isdem,

206 932 321 998 Callida
334 957 390 1021 per
403 935 547 1012 tenebras,
563 945 677 997 versato
691 935 820 1012 cardine,
834 935 947 999 Thisbe

162 1029 331 1111 Egreditur,
345 1031 575 1115 fallitque'suos:
599 1033 797 1116 adopertaque
815 1034 927 1095 vultum

162 1125 304 1196 Pervenit
319 1128 355 1190 ad
371 1129 532 1206 tumulum3
554 1126 691 1212 dictique
705 1130 760 1191 sub
775 1131 877 1192 arbore
892 1131 977 1193 sedit.

163 1223 319 1288 Audacem
333 1223 457 1289 faciebat
472 1248 562 1290 amor.
609 1225 701 1288 Venit
711 1247 785 1300 ¹ecce
796 1227 912 1298 ¹recenti

162 1319 257 1384 Caedc
270 1322 366 1384 leaeua
379 1312 469 1386 bcum
482 1337 652 1406 spumantes
666 1324 756 1407 oblita
769 1325 868 1401 rictus,

162 1416 343 1501 Depositum
356 1419 433 1481 sitim
448 1420 534 1486 vicini
548 1421 634 1484 sontis
649 1421 782 1508 inuadit.
813 1458 816 1462 ⁴

162 1512 265 1587 Quam
281 1509 383 1598 procul
398 1516 435 1578 ad
448 1517 524 1580 lunae
538 1518 632 1581 radios
647 1516 814 1600 Babylonia
827 1517 941 1580 Thisbe

164 1609 266 1672 Vidit:
280 1619 319 1674 'et
333 1613 488 1675 obscurum
503 1614 618 1697 trepido
632 1616 709 1696 pede
725 1614 798 1696 fugit
813 1615 842 1677 iu
853 1627 983 1702 ‚autrum

162 1707 308 1790 Dumque
322 1707 406 1790 fugit,
420 1721 502 1792 tergo
517 1711 662 1774 velamina
674 1711 756 1793 lapsa
769 1710 915 1798 relinquit.

162 1801 208 1866 Ut
222 1803 270 1868 lea
283 1825 364 1867 saeva
378 1805 456 1869 sitim
470 1805 563 1868 multa
576 1807 757 1890 compescuit
770 1804 859 1884 undis,

162 1897 247 1962 Dum
262 1901 337 1964 redit
350 1901 380 1964 in
392 1901 492 1979 silvas,
506 1902 640 1964 inventos
654 1902 726 1965 forth
741 1901 805 1964 siue
818 1901 883 1988 ipsi

162 1995 226 2060 Ore
240 2011 392 2063 cruentato
407 2012 510 2062 tenues
524 1999 642 2062 laniavit
656 2000 789 2065 amictus.

182 2093 183 2098 ’
206 2094 305 2164 Seribs
320 2116 452 2176 egressus
468 2097 589 2178 vestigia
604 2097 674 2160 vidit
689 2097 718 2158 in
733 2097 792 2160 alto

163 2190 291 2254 Pulvere
305 2205 386 2254 certa
401 2191 477 2272 serae,
492 2207 612 2276 totoque
627 2194 769 2276 expalluit
783 2214 833 2256 ore
1087 2195 1130 2256 35

163 2287 319 2370 Pyramus.
363 2287 407 2351 Ut
423 2288 493 2351 verb
508 2303 621 2350 vestem
637 2293 753 2372 quoque
767 2289 906 2370 sanguine
921 2288 1042 2370 tinctam

164 2384 307 2469 Reperit3
329 2384 416 2447 ‘Una
431 2385 505 2449 duos
518 2385 600 2462 uox,'
615 2385 718 2468 iuquit,
734 2385 858 2471 ‘perdet
871 2396 1018 2446 amantes:

163 2481 193 2544 E
208 2482 311 2565 quibus
326 2482 375 2565 illa
388 2481 442 2546 fuit
455 2481 543 2566 longia
557 2483 725 2564 dignissima
738 2481 815 2544 vita:
832 2473 846 2494 ⁸

163 2577 271 2640 Nostra
285 2600 394 2640 nocens
408 2579 504 2642 anima
519 2593 573 2642 est.
618 2579 685 2661 Ego
699 2592 740 2656 te,
754 2577 926 2653 miseranda,
942 2575 1066 2660 peremi,
1128 2643 1130 2647 ,

163 2673 198 2736 Iu
212 2675 277 2737 loca
289 2675 377 2758 plena
391 2676 487 2738 mettis
502 2669 551 2761 qui
561 2675 634 2762 jussi
647 2689 734 2738 nocte
750 2675 881 2738 venires:
1087 2673 1130 2734 40

164 2769 229 2834 Nec
244 2771 321 2854 prior
335 2772 393 2833 huc
409 2762 523 2882 veni*
530 2771 671 2834 Nostrum
685 2773 813 2844 divellite
828 2793 946 2855 corpus,

163 2867 205 2930 Et
217 2869 360 2930 scelerata
374 2867 434 2930 fem
449 2869 611 2930 consumite
627 2869 738 2930 viscera
751 2889 860 2943 morsu,

162 2964 193 3028 O
209 2961 375 3049 quicunque
388 2965 443 3025 sub
457 2963 514 3026 heo
528 2965 661 3026 habitatis
675 2985 759 3046 rupe,
773 2961 896 3025 leones?

163 3063 224 3125 Sed
238 3061 332 3125 timidi
347 3074 390 3122 est
404 3073 506 3143 optare
520 3081 635 3126 necem.
661 3079 664 3084 ’
681 3059 837 3123 Velamina
850 3058 978 3122 Thisbes

162 3159 265 3236 Tollit,
280 3173 310 3222 et
325 3159 363 3221 ad
378 3173 470 3243 pactae
485 3179 585 3222 secum
601 3156 655 3220 sert
670 3157 777 3220 arboris
791 3157 935 3222 umbram.
1087 3155 1129 3218 45

163 3254 265 3339 thue
281 3256 361 3319 dedit
375 3270 451 3320 notae
465 3256 621 3340 lacrymas,
637 3256 718 3318 dedit
731 3255 831 3319 oscula
845 3255 936 3318 vesti:

164 3352 299 3436 ‘Accipe
314 3354 413 3430 nuuc,'
428 3355 532 3437 inquit,
547 3355 655 3416 ‘nostri
670 3373 787 3437 quoque
801 3352 947 3434 sanguinis
969 3350 1090 3412 haustus
1101 3345 1120 3410 :’

163 3448 294 3532 Quoque
309 3463 371 3512 erat
385 3451 543 3528 accinctam,
560 3451 685 3513 demittit
699 3451 728 3512 iu
744 3451 792 3512 ilia
806 3449 937 3511 serrum.

165 3543 231 3610 Nec
246 3568 347 3625 mora3
369 3547 493 3610 ferventi
507 3549 632 3611 moriens
647 3569 664 3608 e
680 3548 802 3609 vulnere
819 3544 917 3608 traxit.
