2608 4218
567 367 675 418 LIBER
698 367 755 417 XV.
1082 361 1142 423 147

172 515 339 604 Tyndaris:
362 529 394 578 et
408 536 519 594 mcum,
534 537 588 580 cur
600 517 638 579 sit
650 517 695 579 bis
709 529 802 600 rapta,
817 515 946 600 requirit.

172 612 308 698 Tempus
323 612 402 676 edax
416 633 525 690 rerum,
541 627 642 699 tuque,
658 614 799 677 invidiosa
814 625 953 691 venustus,
1084 616 1144 676 170

172 707 282 773 Omnia
295 711 459 775 destruitis:
482 710 642 796 vitiataque
656 711 793 774 dentibus
808 711 862 774 aevi

129 804 131 810 '
171 803 321 870 Paulatim
334 807 417 872 leutii
430 807 600 871 consumitis
615 807 713 870 omnia
727 821 833 870 morte.

213 902 244 965 N
246 925 263 966 e
278 907 381 967 tatnet'r'
393 904 489 969 oblitis
503 904 541 966 ad
554 918 665 966 metam
680 903 800 966 tendere
815 905 903 986 longe

153 1057 158 1070 ,
173 999 383 1084 Exspatiemur
396 1003 497 1086 equis3
518 1002 640 1078 ooelum,
655 1015 687 1064 et
700 1001 897 1085 quodeunque
912 1001 966 1064 sub
981 999 1031 1064 illo
1045 1014 1101 1078 est,

173 1094 313 1164 lmruutat
328 1097 444 1177 formas,
458 1099 616 1182 tellusque,
630 1112 661 1161 et
670 1099 814 1182 'quioquid
830 1099 859 1160 in
873 1099 925 1161 ills
938 1111 994 1161 est.
1083 1099 1144 1163 175

172 1191 236 1258 Nos
251 1215 368 1278 quoque
383 1217 450 1279 pars
465 1195 577 1274 mundi,
594 1195 748 1282 (quonism
763 1218 823 1258 non
838 1217 961 1280 corpora
974 1195 1081 1274 solium,

174 1289 286 1354 Verium
301 1293 389 1354 etiam
405 1295 539 1356 volueres
553 1294 656 1356 animae
669 1315 783 1370 sumus,
797 1293 887 1376 inque
901 1292 1007 1356 ferinas

172 1387 333 1466 Possumus
348 1391 389 1452 ira
403 1391 517 1468 domos,
531 1391 740 1474 pecudumque
755 1391 784 1452 in
799 1405 920 1474 pectora
933 1387 1049 1475 condi)

171 1483 317 1570 Corpora,
333 1509 396 1570 quas
412 1488 524 1569 possint
538 1486 799 1550 animas'habuisse
814 1500 980 1570 parentum,

170 1583 236 1646 Aut
249 1582 380 1664 flatrum,
395 1598 446 1646 aut
460 1583 558 1667 aliquo
567 1584 738 1668 junctorum
754 1583 865 1646 soedere
880 1584 974 1660 nobis,
1084 1581 1144 1646 100

174 1679 236 1742 Aut
251 1679 404 1742 homiuum
417 1681 509 1758 certe,
525 1695 588 1743 tuta
602 1701 668 1742 esse
683 1693 712 1742 et
728 1681 852 1743 honesta
866 1681 1011 1744 sinamus:

170 1775 260 1838 Neve
274 1775 437 1860 'l'lryesteis
450 1777 635 1840 cumulemur
649 1779 761 1840 viscera
775 1778 894 1840 mensis.
906 1776 919 1856 j

170 1871 274 1946 Quam
289 1873 366 1935 male
379 1874 558 1951 consuescit,
574 1874 662 1958 quiam
676 1893 709 1936 se
724 1888 806 1958 parat
821 1875 870 1937 ille
884 1876 979 1938 cruori

171 1967 283 2053 Impius
297 1971 436 2047 humano,
453 1971 534 2033 vituli
550 1971 600 2055 qui
614 1957 730 2054 guttura
744 1972 838 2033 cultro

172 2065 317 2150 Rumpit3
340 2079 371 2130 et
385 2068 519 2132 immotas
535 2069 645 2152 pr'aebet
659 2069 817 2150 mugitibus
832 2069 934 2132 aures!
1083 2069 1143 2132 185

171 2163 233 2226 Aut
248 2165 297 2247 qui
313 2165 426 2246 vagitus
441 2165 549 2228 similes
564 2165 724 2248 puerilibus
738 2164 857 2227 hadom

171 2259 320 2322 Edeutem
330 2260 466 2344 jugulare
482 2274 597 2344 potest3
619 2275 670 2322 aut
683 2261 751 2322 alite
767 2261 858 2338 vesci,

171 2354 230 2420 Cui
245 2358 326 2420 dedit
342 2357 405 2440 ipse
419 2358 520 2421 eibos!
544 2371 686 2442 quantum
700 2369 755 2434 est,
771 2357 849 2440 quod
864 2357 939 2420 desit
953 2358 983 2422 iu
997 2357 1059 2422 istis

172 2453 221 2516 Aa
236 2455 356 2536 plenum
372 2453 501 2517 facinus!
525 2453 584 2538 qud
598 2453 734 2516 transitus
750 2453 818 2516 iude
837 2454 971 2536 paratur!

213 2549 276 2613 Bos
291 2565 364 2638 aret,
380 2566 430 2614 aut
445 2566 569 2614 mortem
583 2551 744 2613 senioribus
760 2551 1000 2635 imputetannis:
1082 2551 1142 2616 190

170 2645 353 2710 Horriserum
367 2662 468 2711 contra
481 2647 600 2710 Borean
615 2649 678 2710 ovis
693 2669 773 2710 arma
787 2648 948 2712 ministret:

169 2743 271 2816 Ubera
286 2745 356 2806 dent
370 2759 473 2806 satura
488 2744 622 2808 manibus
637 2745 795 2827 pressanda
809 2745 942 2828 e'apellae.

169 2839 259 2902 Retia
272 2863 342 2906 eum
357 2841 479 2923 pedicis,
494 2841 673 2924 laqueosque
689 2853 824 2923 artesque
840 2841 955 2903 dolosas
1010 2893 1014 2900 ,

167 2935 299 2999 Tollite:
322 2925 378 3020 neo
394 2937 542 2998 volucrem
557 2935 668 2998 viscatis
681 2935 771 2998 fallite
787 2936 885 3018 virgis:

169 3031 200 3098 N
202 3053 236 3096 ee
252 3031 410 3095 formidatis
425 3052 528 3094 cervos
543 3032 681 3095 includite
696 3033 809 3116 pinnis:
1082 3035 1141 3098 195

168 3129 199 3192 N
201 3151 236 3193 ec
250 3129 346 3192 celate
361 3129 433 3192 oibis
447 3148 539 3192 uncos
554 3127 705 3192 fallacibus
720 3129 834 3192 hamos.

169 3225 301 3304 Perdite,
311 3227 335 3289 si
347 3248 404 3310 qua
414 3240 541 3290 nocent:
565 3225 666 3288 verdm
679 3225 742 3288 haec
754 3247 872 3310 quoque
886 3225 1000 3309 perdite
1014 3225 1139 3290 tantlun.

169 3321 231 3386 Ora
247 3338 352 3387 vacent
368 3324 472 3406 epulis,
488 3323 686 3407 alimentaque
700 3343 829 3404 congrua
842 3321 1012 3406 carpant.’''
