2608 4218
577 329 685 382 nmen
707 331 805 382 run·
860 309 863 314 ’

470 773 474 780 ,
553 695 691 760 menn
716 695 807 759 xm.

222 911 395 962 GEBTUEN
418 911 521 976 utrm
541 909 665 954 MAGEM
685 909 729 951 ΕΤ
750 908 895 956 unisset!
915 913 960 954 DE
982 911 1134 956 Aenum

506 1003 509 1010 ¹
628 1007 734 1050 mis.

633 1187 670 1246 r.
690 1171 718 1232 l.
800 1149 801 1154 ἵ

193 1349 366 1428 Consedere
383 1349 490 1414 duces:
515 1362 556 1426 et,
571 1349 651 1430 vulgi
666 1362 760 1412 stante
775 1349 894 1428 corone,

192 1445 291 1529 Surgit
306 1447 344 1510 ad
358 1448 412 1510 lios
426 1446 525 1530 clypei
540 1445 675 1508 dominus
690 1447 890 1530 septemplicis
905 1447 998 1532 Ajax.
1108 1487 1110 1494 ·

192 1541 295 1627 thue
310 1557 372 1606 erat
386 1543 542 1626 impatiens
556 1564 614 1620 nae,
631 1541 732 1624 Sigeia
745 1557 830 1605 torvo

191 1629 309 1702 Littora
322 1639 463 1721 respexit,
478 1638 662 1721 classemque
677 1638 707 1700 in
721 1639 828 1715 littore,
844 1639 946 1701 vultu:

192 1735 412 1818 Intendensque
429 1755 542 1810 manus,
558 1735 716 1816 ‘Agimns,
731 1736 786 1818 pri)
804 1735 943 1818 Jupiter,’
959 1737 1052 1820 inquit
1146 1742 1169 1802 5

193 1833 294 1894 ‘Ante
309 1845 386 1893 rates
400 1851 520 1894 causam
531 1852 539 1906 ;
549 1844 593 1896 ,et
607 1835 724 1893 mecum
741 1831 890 1894 confertur
903 1829 1047 1916 Ulyssesl
1086 1892 1088 1898 .

193 1929 309 1991 Arnon
326 1928 482 1991 Hectoreis
499 1928 641 1990 dubitavit
655 1928 761 1990 cedere
777 1928 919 1992 flammis:

115 2017 119 2027 ’
193 2025 279 2100 Quas
295 2047 352 2110 ego
366 2024 506 2102 sustinui3
529 2023 601 2109 ‘quas
617 2024 673 2088 hsc
689 2025 812 2088 celasse
828 2021 937 2110 fugavi.

192 2122 300 2186 Tutius
315 2137 359 2186 est
373 2122 447 2184 fictis
461 2122 547 2206 igitur
560 2123 740 2184 contendere
757 2123 863 2199 verbis,

193 2218 296 2292 Qn'am
313 2240 443 2304 pugnare
457 2240 558 2281 manu.
603 2219 666 2281 Sed
680 2241 736 2281 nec
751 2219 823 2280 mihi
838 2220 936 2282 dicere
953 2234 1132 2304 pmmptum,

183 2313 259 2394 ¹Nec
276 2316 373 2379 lacere
388 2329 433 2378 est
448 2315 512 2378 isti:
537 2329 737 2399 quantumque
752 2336 809 2397 ego
823 2314 922 2378 Marte
941 2315 1041 2394 feroci,
1129 2323 1164 2381 ll
1195 2381 1199 2388 ,

193 2412 348 2487 Quantum
363 2413 426 2476 acie
443 2413 538 2490 valeo,
553 2425 668 2476 tanturn
683 2413 762 2475 valet
776 2413 830 2476 iste
844 2412 1004 2496 loquendo.

192 2509 260 2582 Nec
275 2512 466 2574 memorande
481 2525 580 2572 tamen
596 2509 678 2572 vobis
693 2529 761 2572 mea
776 2509 863 2586 sacta,
878 2509 1008 2592 Pelasgi,

193 2605 269 2670 Esse
283 2629 365 2672 reor:
390 2609 500 2674 vidistis
515 2606 606 2670 enim.
651 2607 712 2669 Sua
726 2622 823 2671 narret
837 2607 981 2692 Ulysses:

192 2703 270 2778 Quae
285 2705 348 2768 siue
363 2719 438 2768 teste
454 2707 537 2788 gerit,
553 2727 678 2789 quornm
692 2725 753 2767 nox
767 2706 886 2770 conscia
899 2706 962 2770 sola
976 2720 1031 2768 est.
1129 2709 1184 2784 15·

234 2801 361 2864 Praemia
376 2823 483 2886 magna
498 2803 559 2886 peti
575 2801 684 2864 fateor:
708 2801 762 2864 sed
777 2802 870 2866 demit
883 2804 1027 2866 honorem

192 2899 342 2961 AEmulus.
386 2898 474 2983 Ajaci
490 2921 548 2962 non
563 2913 606 2960 est
621 2900 750 2960 tenuisse
765 2900 935 2982 superbum,

191 2996 238 3063 Sit
252 2995 324 3058 lic'et
339 2996 397 3058 hoc
412 2996 525 3076 ingens,
541 2995 683 3079 quidquid
698 2996 826 3078 speravit
840 2995 976 3079 Ulysses.

192 3089 252 3156 Iste
267 3093 334 3156 tulit
348 3092 475 3176 pretium
486 3091 550 3177 jam
564 3089 642 3155 nunc
657 3092 824 3156 certaminis
838 3092 943 3178 hujus3

192 3191 350 3266 Quocum
365 3191 460 3253 victus
475 3191 541 3267 erit,
556 3211 675 3252 mecum
688 3189 816 3253 certisse
832 3189 950 3256 feretur.
1126 3195 1169 3258 ΞΟ

234 3290 336 3373 Atque
352 3289 457 3372 ego,.si
473 3289 563 3352 virtus
578 3289 607 3350 in
621 3309 671 3350 me
686 3287 850 3366 dubitabilis
865 3304 955 3368 esset,

194 3384 353 3454 Nobilitate
369 3399 474 3470 potens
489 3407 596 3464 essem,
611 3384 778 3450 Telamone
792 3401 927 3452 creatus:

193 3480 307 3546 Moenia
322 3484 371 3570 qui
386 3481 449 3547 forti
466 3482 596 3568 Trojano
609 3484 664 3546 sub
679 3482 810 3548 Hercule
824 3486 925 3570 cepit:
