2608 4218
192 403 256 479 ιιι
318 393 323 400 ’
354 445 362 458 ,
588 399 781 462 ιιιιιοιιιιε.

189 557 248 622 Ibis
262 559 425 644 Cecropios
440 571 552 643 portua,
566 560 719 644 patriique
734 571 871 641 receptus
983 557 985 562 ’
1103 558 1169 618 125

231 655 311 719 Cirta
327 657 440 722 steteris
455 653 534 720 urbis
548 657 687 720 celsusin
703 677 769 718 arce
783 669 851 733 tuae,

190 749 231 832 Et
245 753 321 816 bene
336 754 459 816 narrbris
474 754 567 816 letum
582 755 714 836 taurique
729 753 852 836 virique,
896 827 900 835 Ι

132 923 135 934 Ι
178 881 180 884 ·
196 880 199 890 ·
232 835 381 933 Sectaque
395 871 449 935 per
462 850 565 914 dubias
579 871 670 912 saxea
684 861 763 912 tecta
777 849 857 925 vias,

190 943 243 1008 Me
260 967 376 1030 quoque
390 935 505 1010 ιιιιιιιο
520 945 583 1010 solt
596 947 701 1009 tellure
716 946 864 1011 relictam:

233 1041 303 1104 Nou
317 1063 374 1124 ego
387 1064 451 1110 sum
466 1042 555 1105 titulis
569 1037 756 1124 subripienda
774 1041 841 1104 tuis.
1102 1041 1168 1103 130
1230 1081 1233 1090 »

189 1135 258 1200 Nee
272 1153 356 1222 pater
370 1152 415 1201 est
428 1139 560 1223 AEgeus;
582 1159 638 1201 neo
653 1151 685 1200 tu
700 1136 869 1220 Pittheidos
883 1132 1002 1216 AEthrae·

234 1235 345 1300 Filius:
368 1245 501 1300 auctores
515 1257 587 1299 saxa
601 1235 765 1320 fretumque
780 1234 833 1298 tui.

191 1331 235 1394 Di
249 1332 389 1411 lacerent,
403 1347 436 1395 ut
449 1353 498 1395 me
513 1333 630 1396 summit
643 1333 681 1396 de
698 1353 799 1416 puppe
815 1330 947 1396 videres!

233 1428 378 1492 Movisset
393 1430 490 1492 vultus
505 1444 612 1492 nroesta
625 1431 717 1512 figura
730 1443 807 1492 tuos.

191 1523 280 1590 Nunc
296 1548 413 1611 quoque
427 1549 487 1589 non
501 1528 604 1604 oculis,
619 1526 683 1603 sed,
699 1525 758 1611 qub
771 1538 867 1609 potes,
883 1523 1002 1605 adspice
1017 1536 1120 1584 mente

234 1621 404 1687 Haerentem
419 1624 551 1706 scopulo,
566 1625 655 1707 quer'n
672 1643 745 1705 vaga
758 1622 855 1706 pulsat
870 1641 955 1704 aqua.
1103 1619 1167 1682 136

191 1717 324 1803 Adspice
339 1720 480 1782 demissos
494 1720 620 1802 lugentis
635 1720 664 1782 in
678 1740 729 1782 ore
743 1719 882 1803 capillos3
910 1739 913 1746 ¹

234 1813 276 1878 Et
290 1816 401 1878 tunicas
415 1817 562 1899 lacrymis,
577 1817 653 1879 sicut
666 1817 703 1878 ab
717 1816 819 1892 imbre,
834 1835 948 1896 graves.

190 1908 321 1992 Corpus,
335 1925 368 1973 ut
382 1909 512 1994 impulsae
527 1925 643 1993 segetes
658 1909 865 1995 Aquilonibus,
880 1908 998 1972 horret:

233 2005 392 2090 literaque
408 2007 528 2070 articulo
543 2027 644 2089 pressa
657 2020 801 2068 tremente
816 2007 905 2068 labat.
970 2016 974 2030 “
1004 2000 1007 2013 '
1033 1999 1038 2018 ⁸
1104 1991 1168 2070 ‘140

192 2103 261 2168 Nou
276 2120 306 2168 te
323 2125 375 2188 per
389 2106 537 2186 meritum,
553 2107 691 2189 quoniam
705 2107 783 2170 male
798 2107 897 2184 cessit,
913 2074 1013 2184 adcrd.

234 2201 346 2268 Debita
359 2203 396 2266 sit
412 2201 489 2265 facto
503 2204 594 2285 gratia
609 2203 689 2266 nulla
703 2225 788 2266 meo:

192 2295 252 2360 Sed
267 2320 324 2362 nec
338 2321 427 2384 poeua
441 2299 571 2398 quidem.
616 2301 649 2364 Si
663 2323 722 2365 non
737 2323 794 2384 ego
807 2321 897 2365 causa
914 2303 1026 2379 salutis,

178 2396 184 2404 '
234 2393 305 2458 Νοιι
319 2411 417 2460 tamen
432 2411 487 2474 est,
502 2399 607 2460 cursis
621 2395 739 2462 tumrbi
754 2420 841 2462 causa
858 2384 949 2463 necis.

192 2487 257 2552 Has
271 2492 321 2552 tibi
325 2493 514 2594 plangepdo
529 2494 662 2586 lugubria
676 2508 796 2576 pectora
810 2497 910 2574 lassas,
1104 2499 1166 2561 145

234 2537 341 2648 Infelix
356 2587 446 2650 tendo
460 2565 538 2650 lrans
553 2587 626 2652 freta
640 2579 739 2672 longa
743 2611 858 2654 manus.

192 2679 258 2744 Hos
272 2683 350 2743 tibi'
323 2669 398 2773 ,qui
412 2698 561 2769 superant,
576 2685 701 2778 ostendo
716 2702 822 2761 moesta
835 2689 968 2798 capillos

235 2777 296 2840 Per
308 2778 452 2862 lacrymas
466 2801 528 2857 oro,
544 2803 616 2866 quas
630 2795 681 2846 tua
696 2783 773 2846 sacta
787 2800 925 2850 movent:

193 2871 297 2935 Flecte
312 2889 415 2953 ratem,
429 2875 571 2955 Theseu3
594 2901 738 2964 versoque
753 2883 883 2946 relabere
899 2882 976 2946 velo.

235 2967 267 3031 Si
282 2971 361 3053 priris
375 2973 511 3037 occrdero
523 2996 532 3052 3
553 2989 585 3038 tu
600 2991 701 3040 tamen·
714 2999 780 3042 ossa
793 2979 884 3064 leges.
1105 2983 1164 3047 150
