2608 4218
541 383 664 437 „amun
688 383 759 436 XIV.

175 528 242 595 Nec'
255 530 349 598 soceri
363 546 524 616 sceptrum,
538 555 595 600 nec
609 548 650 610 te,
666 533 789 608 Lavinia
804 533 901 615 virgo,
958 603 961 606 ,

175 629 236 692 Sed
251 631 355 694 vicisse
369 631 741 714 petum-deponendique
757 631 869 714 pudore
1027 691 1028 694 ,
1089 631 1146 702 cd

70 732 75 741 '
174 721 262 788 Bella
277 741 390 808 gerunt.
435 727 633 812 Tandemque
650 726 753 790 Venus
769 728 897 806 victricia
911 729 970 790 nati

175 824 269 886 Arma
283 825 379 887 videt:
403 823 582 909 Turnusque
596 825 693 900 cadit3
715 825 807 889 cadit
801 825 930 902 Ardea,
935 823 1048 888 Turno
1129 841 1137 867 ··

173 922 304 1006 Sospite,
319 921 403 987 dicta
411 938 527 1007 potens.
572 923 680 998 Quam
687 938 845 1007 postquam
860 925 1019 986 barbarus
1012 923 1134 1008 ignis

175 1021 316 1098 Abstulit,
331 1035 362 1084 et
377 1021 480 1105 tepida
494 1023 640 1090 latuerunt
655 1035 741 1084 tecta
748 1021 867 1089 favilla
860 1069 868 1098 ,

142 1155 143 1158 =
176 1116 549 1199 congerieemediatum
562 1119 690 1210 primbm
700 1119 819 1200 cognita
834 1140 949 1204 praepes
994 1145 1018 1178 ·.
1086 1035 1147 1186 *Ob

176 1213 328 1300 Subvolat,
344 1229 375 1278 et
388 1216 501 1287 cineres
517 1217 626 1300 plausis
639 1217 868 1281 everberatum
937 1265 939 1272 ,

177 1307 219 1372 Et
233 1331 332 1389 sonus,
347 1327 378 1374 et
391 1313 511 1391 macies,
527 1328 557 1375 et
570 1314 674 1398 pallor,
690 1315 844 1391 et-omnia,
858 1327 977 1396 captam
992 1393 996 1396 .
1064 1352 1069 1362 .,
1121 1329 1130 1349 ·“

170 1405 255 1478 Qnae
270 1409 396 1475 deceant
409 1410 524 1486 urbem,
536 1429 647 1472 ,nomen
662 1431 780 1496 quoque
795 1411 901 1474 mansit
914 1411 944 1472 in
959 1408 1021 1474 ills

176 1501 266 1566 Urbis
276 1527 287 1566 :.
307 1504 416 1588 etipsa
430 1507 489 1568 suis
503 1507 688 1590 deplangitur
703 1507 805 1569 Ardea
819 1508 932 1590 pennis.

218 1600 347 1686 Jamque
362 1602 434 1664 deos
448 1623 562 1679 onmes,
577 1604 730 1688 ipsamque
745 1603 856 1666 AEneia
870 1603 961 1666 virtus
1102 1601 1149 1673 ‚¹10

172 1696 328 1760 ,lunonem
343 1698 554 1774 veteresjlinire
569 1703 708 1780 coegerat
722 1699 795 1780 iras:
808 1751 815 1786 Ἴ,

177 1791 505 1871 Cinn‚benefi1ndatis
518 1796 624 1878 opibus
639 1797 797 1868 crescentis
812 1794 878 1874 ltili,
910 1849 913 1852 ,
946 1843 949 1848 .

175 1889 391 1975 Tempestivus
402 1907 464 1954 erat
478 1893 558 1954 coelo
572 1892 753 1976 Cythereius
761 1881 854 1956 'heros
864 1916 879 1970 ;ι

178 1987 389 2072 Ambieratque
407 1988 510 2054 Venus
524 2011 663 2073 superos:
686 1990 822 2074 colloque
837 1991 965 2074 parentis

177 2083 370 2156 Circumfusa
378 2087 434 2163 sui,
449 2085 628 2170 ‘Nunquam
651 2087 743 2162 mihi?
760 2087 911 2165 dixerat,‘
918 2089 981 2151 ullo
1108 2087 1162 2152 'ib-

177 2175 328 2265 Tempore
344 2183 415 2245 dure
431 2198 524 2266 pater,
538 2205 618 2246 nuuc
632 2185 671 2248 sis
682 2185 853 2267 mitissimus
868 2205 938 2261 oro3

178 2279 341 2364 AEneaeque
355 2281 500 2363 meo,qui
516 2294 545 2342 te
560 2280 598 2342 dc
613 2281 753 2362 sanguine
762 2295 867 2346 nostro

174 2373 264 2440 Fecit
278 2397 377 2453 avum,
392 2377 526 2460 quamvis
541 2397 675 2460 parvum,
691 2377 752 2454 des,
768 2378 892 2462 optime,-
906 2399 1035 2455 numen3
1118 2389 1120 2392 ’

178 2471 351 2536 Dummodo
365 2473 417 2536 des
432 2474 560 2558 aliquod.
606 2474 682 2536 Satis
697 2489 742 2537 est
757 2475 913 2538 inamabile
927 2495 1051 2558 regnum
1097 2533 1099 2538 .

178 2569 361 2653 Adspexisse
376 2572 481 2648 semel,
496 2571 615 2655 Stygios
629 2573 722 2639 semel
737 2572 794 2634 isse
809 2594 863 2656 per
876 2567 1000 2636 amnes?
1032 2615 1034 2618 -
1058 2591 1060 2596 ’
1103 2571 1151 2637 «oe

178 2666 347 2730 Adsensere
362 2669 428 2733 dei:
452 2689 508 2732 nec
523 2668 632 2753 conjux
647 2670 730 2752 regia.
743 2670 840 2732 vultus

177 2763 319 2828 Immotos
334 2765 438 2840 tenuit,
453 2765 628 2848 placatoque
643 2767 748 2830 annuit
759 2775 824 2850 ore,
839 2791 841 2794 ·

174 2857 258 2926 Tum
274 2872 367 2940 pater,
384 2858 503 2934 ‘Estis,’
520 2860 571 2935 ait,
584 2861 717 2922 ‘coelesti
733 2881 855 2922 munere
870 2860 962 2942 digni,
1031 2911 1034 2920 ,

178 2954 317 3037 Quaque
332 2955 419 3036 petis,
435 2976 488 3036 pro
501 2976 623 3038 quoque
636 2955 729 3038 petis:
753 2977 839 3038 cape,
854 2971 933 3033 nata,
948 2957 1028 3040 quod
1043 2959 1151 3044 optan’

220 3050 315 3115 Fatus
331 3064 403 3118 erat.
448 3049 579 3127 Gaudet,
593 3064 750 3134 gratesque
765 3052 823 3134 agit
837 3053 886 3122 illa
901 3054 1031 3136 parenti:
1111 3057 1152 3122 ὦ

178 3145 297 3232 Perque
312 3148 394 3212 leves
409 3167 494 3210 auras
504 3147 614 3231 junctis
629 3147 745 3210 invecta
759 3149 902 3214 columbis

177 3246 275 3308 Littus
290 3245 350 3308 adit
365 3244 517 3333 laureum
540 3245 588 3310 ubi
604 3259 699 3308 tectus
714 3246 854 3310 arundine
869 3247 959 3332 serpit
1031 3299 1033 3303 .

172 3342 212 3416 tlu
222 3343 302 3407 treta
317 3343 461 3406 flumineis
478 3343 573 3406 vicina
588 3341 742 3411 Numicius
758 3344 852 3409 undis.

179 3439 269 3502 Hunc
280 3439 365 3524 jubet
380 3439 495 3516 AEneae,
510 3461 694 3524 quacunque
709 3441 837 3504 obnoxia
852 3444 948 3519 morti,

179 3537 329 3614 Abluere3
351 3550 381 3599 et
395 3537 483 3600 tacito
498 3536 611 3600 deferre
626 3539 680 3630 sub
696 3559 813 3623 equora
826 3559 924 3602 eursu.
1111 3536 1155 3600 Ul

480 3634 547 3694 12*
