2608 4218
544 363 629 432 NUX,
650 365 793 422 andern.

179 513 227 582 Ar
239 536 297 582 non
312 511 361 580 ille
376 516 448 580 deus
463 533 567 600 paoem
582 517 656 580 intra
671 514 778 580 moenia
791 513 870 580 finit:

224 613 379 676 Auxilium
393 626 456 676 toto
469 613 577 696 spargit
591 614 620 676 in
634 613 705 675 orbe
719 635 814 674 snum.

176 707 265 784 Quid
280 723 378 772 tamen
394 710 451 774 hoc
465 710 595 794 prodest,
609 709 708 772 inedie
721 709 744 771 si
758 709 824 772 luce
839 707 995 792 palemque

225 805 382 885 Verberon,
397 820 427 870 et
441 821 509 870 tutae
523 807 664 870 nonlicet
679 827 744 868 esse
759 805 853 868 mihi?
923 836 926 844 f

177 900 263 986 Ergo
276 925 333 966 nec
347 902 430 966 nidos
445 902 519 969 soliis
534 904 653 980 herere,
665 923 721 967 nec
735 903 823 964 uliam

223 1001 349 1064 Sedibus
364 999 393 1062 in
408 1000 511 1062 uostris
525 998 719 1062 stare-videtis
733 1019 829 1060 avem.

177 1095 225 1160 At
239 1097 323 1180 lapis,
338 1096 462 1160 in'ramo
476 1096 551 1159 sedit
566 1095 733 1182 quicunque
747 1093 869 1170 bifurco,

224 1189 336 1270 Horret,
349 1205 381 1262 et
394 1207 431 1256 ut
441 1192 530 1276 capti
544 1193 637 1256 vietor
650 1193 678 1254 in
694 1213 761 1254 arne
774 1203 883 1254 manet.

179 1287 299 1352 Cetera
311 1311 389 1373 saepe
404 1303 501 1354 tamen
517 1290 640 1372 potuere
656 1288 781 1350 alniisaa
794 1285 904 1368 negari,

224 1382 267 1447 Et
279 1385 390 1452 crimen
404 1407 464 1449 nox
479 1399 524 1448 est
538 1385 663 1448 inficiata
677 1405 772 1446 sunm.

179 1477 291 1544 Nostra
304 1494 385 1544 notat
399 1480 481 1544 fusco
495 1481 598 1564 digitos
612 1479 715 1566 injuria
728 1469 828 1556 succo,

224 1576 344 1642 Cortice
357 1589 505 1641 contactas
520 1577 664 1639 inficiente
679 1597 793 1638 manus.

179 1672 236 1736 Ille
250 1695 335 1752 cruor
347 1693 431 1740 meus
440 1687 506 1738 est:
529 1674 579 1736 illo
592 1672 736 1736 maculate
750 1692 852 1734 cruore

225 1767 295 1833 Non
309 1768 476 1853 profecturi
490 1770 595 1844 dextra
608 1769 721 1830 lavatur
735 1765 822 1850 aqud.
836 1774 840 1783 ’

179 1867 211 1930 0
226 1889 292 1949 ego,
306 1868 375 1930 cdrn
390 1868 483 1949 longae
498 1879 640 1932 venerunt
655 1865 738 1928 taedia
754 1866 831 1939 vita,

223 1962 334 2047 Optavi
349 1963 464 2047 quoties
480 1963 558 2026 arida
573 1962 650 2026 sacta
663 1961 755 2024 mori!
807 1955 809 1958 ’

180 2059 293 2145 Optavi
308 2061 431 2145 quoties,
447 2074 496 2122 aut
509 2081 589 2122 caeco
603 2059 717 2122 turbine
732 2059 815 2135 verti,

224 2156 288 2220 Aut
302 2157 398 2220 valido
411 2157 490 2220 missi
505 2149 631 2218 firlrninis
645 2157 713 2238 igue
728 2157 806 2238 peti!

180 2253 283 2339 Atque
297 2253 408 2315 utinam
423 2252 523 2314 subita
537 2265 674 2334 raperent
688 2273 756 2313 mea
769 2271 857 2334 poma
871 2250 1032 2334 procellae,-
1075 2275 1079 2286 ·

225 2349 283 2412 Vel
299 2369 415 2432 possem
430 2345 538 2410 sructus
552 2361 692 2410 excutere
707 2347 769 2430 ipsa
784 2368 877 2409 meos.

182 2445 243 2524 Sic,
257 2446 307 2508 ubi
322 2444 452 2509 detracta
466 2457 511 2506 est
526 2465 544 2506 a
557 2459 587 2508 te
602 2444 654 2508 tibi
668 2464 756 2506 causa
771 2443 883 2529 pericli,

223 2540 316 2617 Quod
330 2555 473 2626 superest,
488 2555 594 2618 tutum,
609 2540 734 2604 Pontice
748 2554 853 2617 castor,
869 2541 971 2604 habes.

182 2635 265 2714 Quid
278 2639 351 2701 mihi
365 2652 434 2702 tunc
449 2639 537 2701 animi
552 2651 606 2714 est,
620 2638 689 2700 ciun
704 2638 791 2699 sumit
806 2637 865 2700 tela
878 2638 971 2700 viator
979 2657 988 2713 ;

223 2734 325 2819 Atque
340 2735 431 2797 oculis
447 2735 537 2817 plage
553 2734 678 2796 destinat
692 2735 759 2798 ant'e
775 2735 893 2836 lpcumi
1088 2734 1148 2796 150

181 2829 249 2894 Nec
264 2831 356 2894 vitare
370 2830 439 2893 licet
453 2842 534 2893 moto
548 2829 608 2892 sera
622 2830 744 2892 verbera
757 2825 881 2906 truncq’

144 2947 148 2954 ·
224 2925 327 3000 Quem
342 2927 396 2988 sub
411 2927 501 2988 humo
515 2925 598 2988 radix
612 2925 765 3008 vinclaque
781 2925 862 2988 firma
877 2938 988 2988 tenent.

182 3025 319 3110 Corpora
332 3025 495 3109 praebernus
510 3024 618 3106 plagis:
640 3038 674 3090 ut
687 3045 765 3107 sepe
780 3025 901 3106 sagittis,
962 3082 965 3090 ,

224 3123 305 3187 Crim
320 3122 447 3206 populus
461 3121 589 3183 manicas
603 3119 772 3204 deposuisse
789 3135 885 3186 vetat:

180 3219 262 3282 Utve
277 3239 397 3302 gravem
411 3217 540 3280 candens
554 3217 604 3279 ubi
617 3217 679 3280 tolli
694 3239 784 3280 vacca
801 3218 937 3296 securim,
1088 3220 1148 3283 155

224 3316 288 3379 Aut
302 3314 401 3402 stringi
415 3315 523 3378 cultros
537 3314 566 3378 in
582 3335 634 3376 sua
648 3314 723 3377 colla
738 3314 829 3378 videt.

182 3411 269 3495 Saepe
285 3433 364 3474 meas
380 3426 469 3477 vento
483 3412 600 3474 frondes
614 3411 765 3474 tremuisse
781 3412 920 3496 putistis:

225 3507 286 3570 Sed
301 3521 396 3570 metus
411 3509 440 3572 in
454 3509 537 3572 nobis
551 3504 784 3572 oausa‘tremoris
800 3523 871 3572 erat.
