2604 4216
541 409 544 414 ·
577 375 686 441 LIBER
703 381 745 430 Il.¹

170 530 240 594 Non
249 529 422 602 ¹auditurum
436 530 556 592 miseras
570 528 760 592 Phaedone
774 528 907 613 querelas

169 625 268 692 Nocte
283 627 529 710 dieque‘vocant:
553 627 818 710 adsternunturque
830 628 974 710 sepulcro.

168 723 257 786 Luna
272 737 375 808 quater
384 722 493 810 junctis
507 724 645 806 implerat
655 723 795 798 cornibus
808 725 927 787 orbem:

137 819 229 894 ,Illae
244 842 327 884 more
342 843 398 884 suo
412 819 495 906 (nam
509 820 846 906 morem‘feoerat.usus)
874 842 879 848 ’
942 877 945 881 .
1012 849 1016 852 ·

168 917 347 999 Plangorem
362 919 514 979 dederant.
559 917 667 1000 Equis
682 917 856 980 Phaethusa
871 939 1001 982 sororum
1077 920 1141 983 345

168 1012 315 1092 Maxima,
329 1015 398 1077 crim
415 1015 503 1078 vellet
517 1027 603 1075 terrae
615 1009 822 1096 procumbere,
838 1029 941 1099 questa
956 1029 1000 1078 est

169 1099 467 1194 Diriguissepedesz.
479 1111 620 1198 adquam
635 1125 741 1173 conata
756 1112 857 1175 venire

168 1205 306 1270 Candida
319 1201 487 1291 Lampetie,
502 1207 599 1270 subiti
612 1209 712 1270 radice
724 1217 839 1270 retenta
853 1223 908 1272 est.
928 1216 929 1219 ’

168 1301 282 1381 Tertia,
296 1306 364 1368 cirm
378 1305 489 1369 crinem
503 1304 636 1366 manibus
650 1305 759 1368 laniare
775 1320 901 1388 pararet,

168 1401 282 1463 Avellit
295 1399 422 1464 frondes.
466 1399 541 1464 Haec
557 1402 655 1486 stipite
668 1399 754 1465 crura
767 1403 879 1479 teneri,-
1078 1405 1143 1466 350

168 1497 224 1560 Illa
237 1498 317 1560 dolet
331 1499 393 1560 fieri
407 1499 509 1579 longos
515 1514 579 1560 ‘sua
589 1499 709 1561 brachia
722 1521 829 1564 ramos·

169 1594 253 1667 Quid
268 1594 354 1658 saciat
368 1597 481 1657 mater?
503 1595 568 1671 nisi,
584 1596 753 1678 qud-trahat
767 1596 895 1678 impetus
911 1595 1001 1670 illam,

168 1689 239 1755 Huc
254 1705 313 1768 eat,
328 1687 418 1774 atque
432 1691 521 1754 illuc?
544 1703 585 1768 et,
601 1693 671 1754 dum
685 1693 764 1768 licet,
779 1692 879 1753 oscula
889 1688 996 1776 jungat
1003 1693 1015 1752 l

169 1787 238 1851 Non
253 1789 321 1851 satis
334 1803 403 1851 est·
436 1787 564 1851 Truneis
580 1790 707 1850 avellere
722 1810 846 1872 corpora
860 1801 972 1868 tentat;

169 1883 214 1948 Et
225 1899 341 1948 teneros
351 1887 490 1968 manibus
503 1877 599 1948 ramos
614 1887 805 1970 abrumpere:
828 1885 941 1948 atinde
1078 1886 1142 1948 355

169 1981 347 2065 sanguinea
362 1983 491 2060 manant,
505 1997 645 2066 tanquam
662 1983 699 2044 de
715 1983 847 2060 vulnere,
862 1996 961 2065 gutte.

164 2087 179 2147 .‘
188 2079 294 2156 Parce,
310 2101 424 2163 precor,
440 2080 553 2157 mater,’
570 2101 751 2164 quaecunque
765 2094 810 2143 est
824 2081 933 2154 saucia,
948 2079 1072 2141 clamat:

170 2175 294 2254 ‘Parce,
309 2183 429 2260 precor:
452 2190 583 2238 nostrum
597 2169 721 2238 laniatur
735 2177 764 2238 in
779 2177 882 2238 arbore
897 2173 1012 2257 corpus.

169 2271 297 2355 Jamque
312 2273 400 2336 vale!
445 2272 561 2335 Cortex
575 2273 605 2334 in
621 2273 711 2334 verba
723 2273 883 2334 novissima
897 2271 987 2333 venit.
1002 2327 1003 2332 ,

169 2367 244 2432 Iride
259 2370 354 2432 fluunt
367 2371 505 2452 lacrymae
518 2391 524 2430 :
547 2367 713 2452 stillataque
730 2368 791 2429 sole
807 2367 953 2449 rigescunt
1079 2361 1142 2455 560

170 2465 220 2528 De
234 2467 320 2528 ramis
335 2467 445 2528 electra
458 2466 558 2528 novis:
583 2485 646 2548 quaa
662 2463 774 2527 lucidus
790 2464 883 2528 amnis

170 2561 302 2647 Excipit,
317 2577 348 2626 et
362 2563 482 2640 nuribus
495 2563 583 2626 mittit
597 2563 740 2643 gestanda
754 2561 879 2624 Latinis.

957 2692 976 2722 ,c

407 2791 410 2794 ’
519 2815 653 2856 rutrum
675 2787 794 2855 nouus.
836 2831 839 2841 ·

597 2975 718 3064 utta.

62 3224 67 3233 ,
172 3155 309 3222 Protinus
324 3155 456 3234 Invidia,
471 3156 554 3238 nigro
569 3153 741 3239 squallentia
756 3152 835 3230 tabo,

172 3256 270 3320 Tecta
284 3257 368 3340 petit.
413 3254 530 3318 Domus
545 3267 589 3316 est
603 3253 668 3316 imis
682 3252 711 3314 in
726 3251 849 3314 vallibus
864 3251 937 3314 antri

174 3354 294 3430 Abdita,
309 3354 370 3416 sole
385 3373 498 3429 carena,
513 3373 571 3414 non
585 3351 636 3413 ulli
651 3350 753 3433 pervia
767 3361 876 3424 vent03
1080 3343 1143 3406 365

174 3449 289 3529 Tristis,
306 3465 335 3514 et
349 3449 447 3534 ignavi
462 3450 629 3533 plenissima
643 3447 771 3532 frigori33
794 3459 825 3508 et
840 3465 903 3526 que

178 3545 247 3630 lgna
264 3552 347 3612 tacet
361 3569 489 3632 semper,
500 3547 625 3630 caligine
640 3565 758 3628 semper
772 3540 912 3618 abundet.
