2608 4218
579 351 687 402 menn
703 332 786 401 vm!

184 503 245 568 Hic
259 527 333 582 nux,
349 503 398 568 hic
412 505 506 567 mixta
520 516 565 566 est
578 502 690 583 rugosis
704 501 800 564 carica
813 501 928 584 palmis,

183 601 354 684 Prunaque,
370 613 401 662 et
415 601 445 662 in
459 600 565 683 patulis
579 597 742 661 redolentia
756 597 831 659 mela
845 596 986 673 canistris,

183 698 225 762 Et
240 699 278 760 de
294 698 447 782 purpureis
461 697 592 759 collecte
607 696 713 758 vitibus
728 715 803 758 uve.

184 795 338 860 Candidus
352 795 382 857 i'n
396 793 495 857 medio
509 793 593 857 savus
606 807 662 855 est.
707 791 806 875 Super
819 791 916 853 omnis
931 757 1042 853 vultus*
1097 789 1175 853 135.
1285 823 1293 838 ·

183 893 349 956 Aceessdre
362 892 449 978 boni:
472 912 529 953 neo
543 891 619 952 iners
630 886 806 973 pauperque
823 888 966 950 voluntas.

226 990 354 1068 Interea,
368 990 484 1074 quoties
499 989 636 1051 haustum
651 1001 762 1050 crotera
777 985 885 1069 repleri

184 1086 298 1171 Sponte
313 1083 378 1163 sud,
393 1108 447 1170 per
460 1105 551 1168 seque
562 1085 666 1160 uident
681 1103 866 1146 succrescere
883 1082 959 1159 vina,

184 1183 311 1247 Attoniti
325 1184 454 1245 novitate
470 1196 590 1265 pavent,
604 1181 799 1264 manibusque
813 1179 925 1264 supinis

185 1279 367 1363 Concipiunt
380 1278 550 1363 Baucisque
565 1299 679 1362 preces,
694 1278 871 1361 timidusque
886 1275 1063 1361 Philemon:
1097 1277 1159 1338 140

185 1373 228 1441 Et
242 1377 359 1440 veniam
373 1377 506 1460 dapibuS,
520 1376 665 1460 nullisque
680 1375 828 1458 paratibus
843 1387 936 1437 orant.

227 1471 343 1537 Unicus
357 1495 441 1536 anser
455 1489 527 1549 eret,
542 1473 668 1534 minime
684 1472 817 1558 custodia
832 1472 923 1534 ville:

186 1569 290 1646 Quem
304 1570 349 1637 dis
364 1571 526 1654 hospitibus
542 1569 652 1632 domini
666 1583 795 1631 mactare
809 1568 967 1651 parabunt:

186 1667 240 1731 Ille
254 1669 334 1731 celer
348 1665 449 1750 penult
462 1665 560 1728 tardos
575 1679 660 1728 aetute
675 1664 794 1747 setigat3

187 1765 348 1848 Eluditque
364 1764 430 1827 diu:
453 1762 631 1846 tandemque
647 1775 693 1824 est
703 1762 781 1824 visus
796 1761 833 1824 ad
847 1760 926 1844 ipsos
1010 1783 1012 1786 ·
1099 1761 1159 1823 145

186 1860 363 1944 Consugisse
379 1861 460 1924 deos.
506 1859 613 1944 Superi
629 1860 750 1922 vetuere
765 1859 881 1936 necari3
968 1873 970 1878 '

185 1958 320 2042 “Dique
333 1979 451 2036 sumus3
472 1953 649 2041 meritasque
664 1957 726 2020 luet
742 1956 846 2020 vicinia
860 1977 964 2042 poenas

138 2085 142 2094 ’
186 2047 313 2140 lnrpie,'’
328 2057 482 2118 dixerunt:
506 2061 525 2094 ‘⁴
536 2055 618 2118 vobis
632 2055 809 2120 immunibus
825 2054 911 2139 hujus

188 2151 263 2215 Esse
277 2153 345 2216 mali
360 2153 491 2215 dabitur:
514 2153 604 2214 modi)
618 2152 882 2234 vestra-relinquite
897 2164 994 2226 teeta;

116 2269 120 2278 ·
187 2251 235 2314 Ac
250 2265 362 2312 nostros
377 2250 516 2312 comitate
531 2248 654 2330 gradus3
677 2261 707 2310 et
721 2249 749 2310 in
762 2247 852 2309 ardua
862 2247 969 2310 montis
1100 2249 1161 2309 150

186 2345 232 2410 Ite
247 2345 367 2410 simul.''
411 2344 523 2408 Parent
537 2344 634 2422 ambo,
649 2343 819 2428 baculisque
833 2343 923 2407 levati

108 2457 111 2462 '
188 2443 329 2508 Nituntur
342 2445 430 2526 longo
445 2443 566 2526 vestigia
580 2463 691 2528 ponere
705 2441 793 2504 clivo.
1127 2521 1132 2527 ,

229 2541 361 2604 Tantum
376 2542 494 2604 aberent
510 2561 636 2617 summo,
652 2552 793 2624 quantum
808 2538 901 2600 semel
915 2538 957 2601 ire
971 2537 1077 2620 sagitta

187 2637 281 2701 Missa
295 2651 409 2721 potest:
432 2637 547 2700 flexdre
561 2638 673 2716 oculos,
688 2650 719 2699 et
733 2657 828 2710 meme
842 2636 951 2719 palude

188 2734 305 2798 Caetera
320 2735 516 2818 prospiciunt:
540 2735 654 2798 tautum
668 2754 722 2796 sua
735 2746 814 2796 tecta
828 2753 958 2795 manere.
1101 2729 1161 2794 155

188 2832 330 2916 Dumque
345 2853 381 2895 ea
395 2833 552 2909 mirantum
574 2831 645 2893 dum
660 2830 772 2892 deflent
787 2829 846 2892 sata
860 2850 996 2892 suorum:

189 2929 242 2994 llla
257 2944 342 2992 vetus
357 2928 481 2991 dominis
496 2928 585 2990 etium
599 2947 668 2989 casa
682 2947 772 3009 parva
787 2926 911 3002 duobus,

190 3027 321 3091 Vertitur
335 3028 363 3091 iu
382 3023 541 3108 templum:
566 3023 660 3086 furcas
675 3022 791 3085 subiere
805 3023 965 3086 columne:

188 3125 335 3189 Stramina
350 3124 532 3200 flavescunt,
554 3121 753 3204 adopertaque
767 3139 910 3182 marmore
925 3119 1022 3196 tellus,

164 3285 178 3296 ,
188 3222 367 3306 Caelataeque
383 3219 470 3298 sores,
485 3233 643 3303 aurataque
658 3231 738 3281 tecta
752 3216 897 3282 videntur.
1101 3217 1163 3280 160

188 3319 276 3385 Talia
289 3341 357 3382 cum
373 3319 489 3403 placido
504 3317 656 3382 Saturnius
671 3315 761 3380 edidit
775 3335 843 3379 ore:

190 3426 209 3456 “
220 3417 330 3494 Dicite,
341 3415 421 3502 juste
435 3438 539 3493 senex,
555 3429 585 3478 et
600 3415 720 3478 soemina
733 3413 860 3500 conjuge
871 3410 952 3499 justo

191 3515 300 3598 Digna,
316 3515 385 3600 quid
401 3513 541 3597 optetis.”
585 3510 666 3576 Cum
680 3511 816 3575 Baucide
831 3531 926 3595 peuce
939 3509 1067 3582 loeutus,
