2608 4218
493 411 519 428 .
560 348 666 402 mnan
689 349 762 415 ron.
794 385 797 390 .
1011 377 1015 382 -
1083 342 1143 402 m

175 498 283 566 Mallet
296 514 327 562 et
341 497 442 562 infelix
457 497 633 560 Palamedes
648 501 713 588 esse
727 498 854 560 relictus.
870 519 872 524 ’

158 675 161 680 ¹
177 595 300 660 Viveret
310 611 391 674 3<aut
404 597 484 658 c'ert‘e
500 595 592 658 letum
607 595 669 668 sine
681 595 803 662 crimine
819 592 950 674 haberet.

167 694 285 769 -Quem
294 693 372 756 male
386 683 649 766 convictinirni'um
664 713 777 756 mernor
791 692 845 754 iste
861 690 961 752 suroris

173 789 307 853 Prodere
323 811 386 852 rem
401 787 537 852 Danaam
553 789 653 864 linxit:
669 783 835 870 ⁴fictumque
851 787 983 870 probavit

176 885 311 963 Crimen,
326 900 357 948 et
371 885 507 970 ostendit,
524 885 602 967 quod
612 883 675 969 jam
694 883 876 966 praefoderat,
891 886 1002 946 aurum.
1102 885 1145 946 60

219 981 303 1063 Ergo
316 996 367 1045 aut
382 981 487 1047 exsilio
502 982 582 1044 vires
592 979 731 1044 subduxit
746 979 881 1056 Achivis,
935 1029 936 1034 ,

177 1079 241 1140 Aut
255 1075 342 1141 nece.
369 1145 371 1150 ,
386 1075 436 1140 Sic
450 1091 572 1160 pugnat,
587 1077 628 1142 sic
644 1090 688 1139 est
702 1076 888 1151 metuendus
903 1075 1039 1159 Ulysses.

177 1173 252 1250 Qui,
266 1175 336 1237 licet
351 1167 466 1257 eloquio
479 1173 569 1235 fidum
585 1194 701 1257 quoque
716 1168 844 1234 Nestora
859 1161 967 1248 vincat,

177 1269 268 1332 Haud
282 1283 380 1334 tamen
396 1271 514 1346 efficiet,
529 1269 676 1332 desertum
691 1283 724 1330 ut
738 1268 865 1330 Nestora
880 1269 990 1330 crimen

178 1365 253 1430 Esse
268 1389 333 1428 rear
346 1368 469 1430 nullum.
514 1366 588 1443 Qui,
602 1367 671 1428 cum
686 1367 853 1449 imploraret
867 1362 1009 1448 Ulyssem
1025 1436 1030 1446 ,
1103 1367 1146 1428 65

179 1462 311 1524 Vulnere
326 1463 423 1544 tardus
438 1464 516 1548 equi,
531 1462 682 1546 fessusque
696 1463 835 1525 senilibus
844 1459 942 1539 'annis

178 1557 317 1621 Proditus
331 1581 350 1620 a
362 1560 441 1621 socio
456 1573 510 1621 est.
555 1555 625 1622 Non
640 1561 702 1621 lraec
717 1561 787 1622 milii
803 1561 924 1622 crimina
938 1560 1006 1640 fingi

178 1654 241 1718 Scit
255 1655 333 1716 bene
347 1653 482 1737 Tydides
491 1677 507 1717 t.
522 1655 572 1739 qui
586 1656 704 1716 nomine
719 1675 797 1737 saepe
814 1669 950 1717 vocatum

178 1750 347 1833 Corripuit;
369 1750 542 1840 trepidoque
557 1750 656 1834 lugam
671 1751 857 1833 exprobravit
872 1751 976 1814 amico.
1210 1827 1213 1835 ¹

158 1912 163 1918 ,
178 1847 357 1930 Adspiciunt
371 1847 462 1909 oculis
477 1847 574 1932 superi
589 1848 720 1910 mortalia
730 1847 825 1931 justis.
1104 1851 1148 1912 ’10

179 1943 227 2008 En
243 1958 311 2026 eget
325 1945 444 2021 auxilio,
461 1945 509 2028 qui
524 1967 583 2006 non
598 1945 680 2006 tulit:
700 1958 794 2031 'utque
809 1945 934 2028 reliquit,

179 2039 228 2102 sie
243 2039 417 2124 linquendus
432 2054 504 2103 erat.
546 2029 664 2124 Legem
679 2041 731 2102 sibi
751 2041 865 2102 dixerat
877 2041 953 2124 ipse.

179 2135 353 2200 Conclamat
368 2138 472 2199 socios.
517 2136 652 2212 Adsum3
674 2136 819 2219 videoque
835 2149 1020 2214 trementem,
1038 2119 1047 2136 ⁰
1092 2125 1096 2133 l

178 2232 404 2316 Pallentemque
419 2245 511 2308 metu,
527 2253 562 2293 ac
576 2232 772 2314 trepidantem
786 2247 878 2294 morte
894 2231 1000 2293 sutura.

111 2377 121 2384 .
141 2399 144 2405 Δ
174 2327 315 2412 vOpposui
330 2330 439 2392 molem
453 2328 571 2411 clypei·;
594 2328 714 2412 texique
725 2327 894 2415 jacentem3
1090 2389 1091 2393 ,
1106 2330 1148 2392 75
1170 2359 1171 2366 ¹

179 2425 360 2507 Servavique
375 2425 501 2488 animam
520 2421 687 2510 (minimum
702 2438 745 2486 est
761 2421 940 2507 hoelaudis)
957 2423 1091 2486 inertem.

180 2521 211 2584 si
226 2510 337 2606 perstas
352 2537 475 2598 certare,
489 2523 586 2584 locum
601 2521 755 2585 redeamus
770 2521 798 2584 in
812 2502 923 2594 fillum:

179 2617 286 2680 Redde
302 2620 427 2695 hostem,
442 2619 606 2700 vulnusque
622 2632 716 2695 tuum,
730 2619 906 2701 solitumque
921 2618 1073 2680 timorem:

179 2713 251 2776 Post
266 2715 465 2798 clypeumque
480 2715 559 2776 late:
584 2728 613 2776 et
627 2737 745 2777 mecum
759 2715 904 2778 contende
920 2715 974 2776 sub
988 2715 1049 2776 illo.
1126 2752 1128 2758 ·

180 2810 223 2872 At
238 2824 393 2892 postquam
408 2810 518 2892 eripui3
540 2811 588 2872 cui
602 2811 698 2872 standi
712 2813 833 2874 vulnera
849 2811 923 2874 vires
944 2838 946 2848 ·
1106 2811 1149 2873 80

180 2905 250 2968 Non
265 2905 416 2980 dederant,
430 2905 511 2966 nullo
525 2906 653 2966 tardatus
669 2906 789 2968 vulnere
799 2906 882 2987 firgit.

224 3002 338 3066 Hector
352 3003 445 3078 adest,
459 3022 620 3084 secumque
636 3002 707 3062 deos
722 3003 751 3062 in
767 3003 870 3084 proelia
885 3002 984 3065 ducit:

182 3102 313 3185 Quique
329 3101 396 3178 ruit,
411 3122 470 3162 non
485 3112 517 3160 tu
532 3100 645 3160 tantum
660 3099 786 3176 terreris,
801 3097 923 3182 Ulysse,

181 3200 243 3261 Sed
258 3199 345 3260 sortes
360 3199 469 3261 etiam:
494 3209 607 3258 tantum
623 3195 708 3258 trahit
723 3196 772 3260 ille
786 3195 906 3259 timoris.

183 3295 272 3358 lluno
287 3318 343 3376 ego
358 3294 523 3376 sanguineae
538 3313 676 3356 successu
691 3293 778 3356 caedis
793 3308 930 3356 ovantem
1080 3295 1089 3310 ”
1108 3294 1150 3358 85

183 3391 326 3454 Cominus
340 3392 450 3473 ingenti
465 3389 635 3474 resupinum
649 3390 785 3474 pondere
795 3391 867 3454 ludi.

183 3485 273 3550 Hunc
288 3510 343 3570 ego
359 3501 541 3571 poscentem,
556 3509 625 3550 cum
640 3509 699 3572 quo
713 3500 909 3564 concurreret,
924 3507 999 3548 unus
