2608 4218
399 387 404 394 ’
484 359 503 378 ’
549 387 656 437 utura
679 387 735 436 κν.
1073 377 1135 439 145

161 539 267 624 Nuper
281 539 426 602 Abanteis
441 538 554 622 templo
568 537 693 599 Junonis
707 537 736 598 in
753 535 893 618 Argis«
990 549 997 562 ·
1073 535 1135 596 105

160 638 271 702 Omnia
287 652 453 700 mutantur:
478 637 549 698 nilril
558 635 670 697 interit.
703 625 813 711 Errat,
829 648 858 696 et
874 633 952 696 illinc
1022 619 1024 626 ¹

161 735 231 798 Huc
247 737 338 813 venit,
353 736 422 797 hinc
437 735 517 810 illuc,
532 733 723 817 et'quoslibet
737 747 863 815 occupat
878 745 956 794 artus

161 831 285 915 Spiritus
298 837 308 895 τ’
330 833 407 916 eque
424 831 490 894 feris
506 832 635 892 humana
650 831 678 892 in
693 852 815 914 corpora
831 830 942 906 transit,

163 930 257 1014 lnque
272 929 345 992 seras
361 944 476 992 noster:
499 950 556 990 nec
571 927 705 1011 tempore
720 928 834 1011 deperit
848 928 919 989 ullo·

163 1027 264 1111 thue
279 1028 363 1089 novis
379 1026 484 1108 fragilis
498 1027 628 1107 signatur
641 1032 709 1088 ce'ra
724 1025 867 1107 figur·iS,'
934 1051 935 1057 ¹
983 1027 1007 1060 “·
1076 1025 1136 1086 110
1210 1051 1218 1059 ,
1261 1017 1265 1026 ⁶

163 1124 228 1188 Nec
244 1139 343 1187 rnanet
357 1137 389 1187 ut
404 1124 579 1200 suerat,·.nec
595 1122 701 1185 formas
715 1137 812 1184 servat
827 1122 965 1197 easdem3

162 1222 221 1284 Sed
237 1237 336 1284 tamen
352 1223 414 1305 ipsa
429 1220 533 1283 eadem
549 1236 611 1283 est:
635 1221 762 1282 animam
779 1221 821 1282 sic
836 1241 954 1303 semper
969 1217 1095 1280 eandem

163 1318 249 1396 Esse,
264 1319 317 1380 sed
333 1321 362 1382 in
379 1319 476 1391 varias
486 1319 580 1380 doceo
596 1319 719 1400 migrare
735 1319 851 1399 figuras,
1087 1321 1089 1328 ’

163 1415 253 1499 Ergo,
269 1437 307 1478 ne
322 1417 416 1500 pietas
431 1417 466 1478 sit
483 1413 561 1478 victa
575 1417 713 1499 cupidine
730 1405 849 1492 ventris,

163 1513 280 1576 Parcite
298 1511 469 1600 (vaticinor)
486 1519 624 1594 cognatas
637 1512 719 1576 eaede
735 1511 864 1574 nefanda
892 1517 893 1522 ’
916 1597 919 1602 ¹
1076 1511 1136 1572 115

108 1641 109 1654 ¹
163 1610 331 1674 Exturbare
346 1612 473 1672 animas:
497 1633 553 1672 nec
568 1611 708 1690 sanguine
723 1609 840 1691 sanguis
855 1609 959 1670 alatur.
1025 1605 1062 1612 ”

158 1745 173 1795 '.
196 1707 248 1771 :Er
264 1708 401 1791 quoniam
418 1730 523 1789 magno
538 1707 614 1769 seror
630 1727 756 1790 equore,
772 1707 918 1790 plenaque
936 1705 1030 1766 ventis
1089 1719 1091 1722 ’

163 1805 241 1868 Vela
256 1806 325 1868 dedi
338 1828 346 1882 3
369 1805 439 1867 nilril
455 1819 500 1866 est
515 1791 576 1867 tcta
592 1795 669 1888 quad
686 1817 796 1888 perstet
811 1805 840 1867 in
855 1805 936 1885 orbe.
981 1803 984 1808 ’
999 1794 1005 1804 ”

163 1903 281 1966 Cuncta
296 1903 401 1979 fluunt,
417 1903 570 1986 omnisque
585 1921 696 1984 'vagans
703 1893 851 1964 'formatur
864 1902 971 1984 imago·
1166 1983 1172 1990 ,

163 1987 231 2084 Ipsa
246 1999 365 2084 quoque
379 2001 502 2062 adsiduo
516 2001 653 2062 labuntur
668 2014 806 2084 tempora
819 2015 901 2062 motu
1076 2003 1136 2064 120

163 2098 231 2161 Non
247 2100 331 2161 secus
347 2113 381 2160 a'c
398 2099 526 2160 flumem
563 2098 671 2182 Neque
686 2098 765 2160 enirn
777 2099 936 2161 consistere
952 2097 1074 2174 flumen,

163 2195 229 2281 Nec
243 2196 317 2259 levis
332 2197 402 2258 hora
416 2209 532 2278 potest:
553 2195 616 2271 sed,
632 2209 664 2257 ut
679 2195 757 2256 unda
771 2195 930 2278 impellitur
944 2193 1035 2271 unda,
1120 2245 1133 2284 ‘.

163 2293 444 2378 Urgeturqueprior
460 2290 599 2368 venienti,
613 2303 757 2378 urgetque
773 2292 911 2374 priorem,
970 2306 972 2312 ‘

163 2391 314 2476 Tempora
328 2392 369 2458 sic
384 2390 497 2476 fugiunt
513 2388 629 2473 pariter,
646 2391 811 2473 pariterque
826 2403 1006 2474 sequuntur:

164 2488 203 2551 Et
215 2512 291 2551 nova
300 2504 367 2552 sunt
376 2510 510 2572 semper:
527 2509 594 2550 narn
610 2488 687 2571 quod
700 2487 752 2548 suit
765 2487 846 2564 ante,
857 2487 990 2550 relictum
1002 2499 1063 2548 est:
1077 2487 1137 2549 125

164 2585 282 2670 Fitque,
298 2587 376 2670 quod
390 2586 470 2648 lraud
486 2585 595 2648 suerat:
619 2600 828 2668 momentaque
843 2597 950 2646 cuncta
965 2597 1121 2646 novantur.
1131 2567 1137 2580 ⁴*

94 2703 96 2708 ·
163 2683 269 2746 Cernis
284 2698 314 2746 et
329 2701 457 2746 emersas
472 2683 500 2744 in
515 2683 613 2744 lucem
629 2683 750 2745 tendere
765 2695 877 2758 noctes,

164 2779 204 2842 Et
215 2779 302 2864 jubar
316 2781 373 2842 hoc
387 2780 510 2842 nitidum
526 2779 612 2860 nigrae
629 2779 787 2858 succedere
803 2779 893 2841 nocti.

164 2877 231 2940 Nec
245 2878 326 2938 color
340 2890 384 2938 est
399 2875 478 2937 idem
493 2876 582 2950 coelo,
596 2875 664 2936 cirm
680 2876 756 2936 lassa
771 2875 869 2957 quiete

164 2972 284 3036 Cuncta
294 2972 395 3056 jacent
410 2971 527 3046 medit3
549 2971 676 3054 cumque
692 2972 759 3033 albo
773 2969 895 3033 Lucifer
908 2971 971 3033 exit
1039 2977 1042 2982 ’
1077 2976 1138 3038 130

165 3069 271 3134 Clarus
287 3090 381 3154 equo:
405 3089 578 3151 rursumque
595 3068 678 3144 aliua,
693 3068 760 3129 crim
777 3067 885 3151 praevia
898 3068 955 3131 luci

163 3167 356 3230 Tradendum
372 3165 491 3229 Plroebo
506 3165 666 3227 Pallantias
682 3165 771 3227 inficit
785 3165 898 3228 orbem.

164 3265 232 3348 lpse
248 3265 295 3327 dei
310 3265 447 3348 clypeus,
462 3263 540 3328 terra
553 3263 621 3325 cirrn
638 3263 746 3325 tollitur
761 3263 830 3340 imai,

165 3361 256 3423 Mane
272 3363 373 3424 rubet:
397 3362 544 3446 terraque,
560 3362 655 3438 rubet,
670 3361 738 3424 clun
754 3361 889 3425 conditur
903 3361 978 3425 ime:

165 3457 318 3522 Candidus
332 3459 360 3522 in
376 3481 491 3524 summo
506 3475 562 3538 est,
579 3459 681 3522 melior
694 3473 797 3522 natura
813 3459 892 3544 quud
908 3459 967 3522 illic
1063 3461 1138 3538 Ι135

164 3551 296 3620 AE'theris
311 3571 366 3636 est,
380 3571 522 3641 terreque
538 3558 640 3642 procul
651 3558 790 3639 contagia
806 3558 888 3619 vitat.

466 3659 504 3720 13
