2608 4218
125 327 131 338 ⁴
167 359 230 420 108
379 406 382 410 ,
484 362 832 428 uerrucarrrosnon

163 502 295 576 Festinat
310 515 423 578 vestes':
443 514 507 600 jam
521 537 603 598 quas,
617 509 668 594 ubi
683 506 794 596 venerit
809 513 869 590 ille,
988 589 990 592 .

162 608 231 692 Ipsa
244 624 342 691 gerat:
364 612 534 694 reditusque
548 612 601 674 sibi
613 611 757 694 'promittit
770 610 889 700 inanes.¹

161 704 307 768 Omnibus
322 707 370 771 illa
380 708 505 790 xquidem
520 708 633 795 superis
648 708 697 792 pia
713 708 797 783 thura
811 705 939 778 serebat:
991 786 994 792 r

161 802 242 864 Ante
258 817 357 866 tamen
370 818 492 868 cunctos
501 803 631 886 ,Junonis
642 805 753 887 templa
763 795 879 868 colebat
889 825 905 868 τ,
1013 865 1016 869 ,
1034 859 1037 868 t

147 897 280 981 'Proque
296 900 367 976 viro,
385 901 434 983 qui
449 901 545 988 nuilus
560 914 631 976 erat,
648 901 784 962 veniebat
800 900 931 976 aduren
947 961 951 982 ὃ
987 943 991 951 -

161 992 265 1078 thue·
277 995 350 1076 soret
365 1017 467 1078 sospes
480 997 589 1080 conjux
603 1018 682 1072 suus,
694 1010 785 1079 utque
800 997 930 1087 rediret„
1048 1057 1058 1068 ,,

158 1088 310 1172 Optabam
333 1093 501 1175 nullamque
514 1091 742 1175 sibipraeferret.
787 1093 829 1167 At
844 1093 884 1154 iili
904 1129 906 1132 -

160 1183 229 1248 Hoc
244 1188 281 1248 de
297 1191 343 1250 tot'
357 1189 429 1250 votis
444 1202 558 1270 poterat
572 1189 741 1271 contingere
756 1189 862 1264 solum.
879 1243 881 1248 .

179 1317 181 1322 v
203 1283 245 1344 At
260 1281 317 1344 dea
330 1305 386 1346 non
402 1285 479 1347 ultra
492 1283 659 1367 pro-fimeto
673 1279 768 1348 morte
782 1287 876 1368 rogari
930 1283 931 1288 ἵ
981 1312 985 1319 “

160 1377 317 1456 Sustinet3r
329 1393 420 1464 utque
435 1402 539 1442 manus
553 1380 793 1448 funestasvarceat
808 1383 882 1458 aris3
951 1429 954 1434 -

160 1474 227 1553 ¹114,
242 1477 336 1553 meae‚'
353 1477 437 1554 dixit„
453 1477 607 1540 ‘fidissima
621 1479 728 1540 nuncia
741 1479 833 1556 vocis,
934 1527 939 1533 .
964 1512 967 1519 ,

160 1571 232 1635 Vise
247 1569 435 1656 soporiferam
450 1571 552 1640 Somni
568 1575 836 1646 velociter'auiam:
917 1587 919 1594 ’

158 1667 364 1757 Exstinctique
376 1671 447 1755 jube
464 1671 575 1755 Ceycis
590 1673 715 1755 imagine
730 1673 825 1736 mittat
936 1667 938 1672 ’

84 1801 89 1812 -
158 1763 277 1828 Somnia
293 1768 329 1838 ad
345 1767 532 1850 Halcyonen‚
548 1789 632 1830 veros
646 1770 790 1833 narrantia
804 1769 912 1832 casus.5
926 1821 928 1826 .
1019 1827 1022 1837 s

157 1861 294 1924 Dixerat.
339 1863 472 1928 Induitur
487 1865 631 1928 velamina
646 1866 725 1927 mille
740 1867 872 1928 colorum
940 1856 942 1860 ’

156 1957 220 2034 Iris,
235 1972 266 2020 et
281 1973 401 2042 arquato
415 1960 524 2022 coelum
539 1961 709 2026 curvamine
724 1961 840 2041 signans

155 2052 252 2116 Tecta
267 2055 339 2138 petit
350 2055 422 2140 jussi
436 2055 491 2139 sub
505 2077 579 2137 rupe
594 2055 713 2119 latentia
726 2057 813 2138 regis.

198 2150 253 2214 Est
270 2173 360 2236 prope
376 2150 553 2228 Cimmerios
567 2153 656 2234 longo
669 2153 811 2240 spelunca
826 2175 955 2236 recessu,
997 2155 1000 2161 ’

155 2245 245 2310 Mons
259 2271 359 2327 cavus,
375 2249 470 2334 ignavi
487 2248 591 2324 doinus
606 2264 636 2312 et
650 2251 810 2333 penetralia
824 2250 944 2315 Somni:
985 2313 989 2318 ,

155 2341 229 2416 Quo
243 2367 393 2429 nunquam
406 2346 493 2410 radiis
509 2343 614 2424 oriens,
630 2348 793 2424 mediusve,
808 2349 955 2422 cadensve

103 2509 111 2520 ‚
154 2439 288 2504 Phoebus
303 2442 382 2505 adire
397 2457 505 2524 potest.
550 2442 673 2507 Nebuiae
688 2443 811 2524 caligine
826 2445 926 2508 mixte

154 2535 339 2599 Exhalantur
353 2539 453 2614 humo,
469 2538 620 2622 dubiaeque
635 2540 807 2622 crepuscula
818 2540 901 2604 lucis.

155 2632 223 2695 Non
240 2634 307 2714 vigil
322 2635 382 2694 ales
397 2634 435 2696 ibi
450 2634 557 2695 cristati
572 2634 707 2700 cautibus
719 2635 775 2698 oris

154 2725 268 2802 Evocat
283 2730 444 2792 Auroram:
467 2751 525 2792 uec
535 2751 608 2798 voce
624 2731 738 2793 silentia
751 2748 890 2816 rumpunt

153 2825 312 2888 Sollicitive
326 2849 426 2904 canen,
440 2827 599 2898 canibusve
614 2830 744 2911 sagacior
759 2852 853 2892 anser.

152 2919 222 2985 Nou
237 2921 307 3001 sera,
323 2947 381 2986 non
396 2925 538 3007 pecudes,
553 2948 612 2987 non
626 2927 698 2990 moti
713 2927 830 2990 flamine
846 2929 928 3005 rami,

153 3016 336 3082 Humanaeve
352 3041 456 3084 sonum
471 3023 597 3085 reddunt
611 3024 743 3086 convicia
756 3024 871 3106 lingue.
940 3075 942 3080 ,
1010 3057 1014 3065 ¹

46 3129 48 3134 '
153 3113 241 3176 Muta
255 3117 338 3199 quies
353 3117 473 3182 habitat.
519 3119 601 3184 Saxo
615 3134 713 3184 tamen
728 3121 791 3184 exit
806 3117 843 3184 ab
857 3122 918 3184 imo
960 3126 966 3138 ‘

152 3211 248 3274 Rivus
263 3234 344 3296 aque
360 3213 489 3278 Lethes:
513 3237 566 3298 per
581 3238 670 3299 quern
684 3237 753 3280 oum
768 3239 916 3280 murmure
930 3218 1032 3300 labens
1058 3221 1122 3282 240

152 3308 261 3371 invitat
275 3331 391 3372 somnos
406 3313 614 3394 crepitantibus
629 3314 706 3375 unda
722 3313 837 3394 lapillis.

156 3405 234 3474 Ante
249 3405 324 3471 sures
339 3407 412 3470 autri
427 3406 565 3470 soecunda
579 3428 727 3490 papavera
742 3407 858 3485 florent,
