2604 4216
116 333 159 406 att
364 295 369 300 ’
437 340 783 400 uarrnoarnoseun

117 488 205 558 Colla
215 487 437 582 jugoeripiunt,
452 491 634 582 abruptaque
648 499 709 560 lora
723 499 899 582 relinquunt.
923 511 927 518 '
1001 491 1005 498 ’
1098 561 1099 566 ,

116 591 181 661 Illic
195 585 282 654 frena
291 592 401 676 jacent,
417 594 475 672 illic
491 607 609 656 temone
624 596 755 661 revulsus
838 653 843 657 .
926 624 929 628 ·
1021 595 1087 660 315
1119 600 1123 610 '

117 689 211 765 Axis3
233 689 263 750 in
278 690 335 752 haic
349 691 421 752 radii
434 683 590 754 fractarum
604 703 687 774 parte
702 704 846 752 totamm:

117 783 282 870 Sparsaque
297 800 364 848 sunt
377 787 438 860 tare,
451 789 539 850 laceri
553 789 676 869 vestigia
689 786 801 848 currite.

118 882 161 942 At
175 880 343 959 Phaethon,
358 884 458 946 rutilos
472 883 592 946 fimana
606 884 765 966 populante
779 882 913 965 capillos,
945 909 948 915 ’

119 975 255 1039 Volvitur
269 977 299 1040 in
313 997 454 1062 praeceps,
468 980 617 1062 longoque
630 1001 684 1062 per
697 983 766 1041 adra
777 993 873 1042 tractu

118 1067 242 1150 Fertur3
263 1089 296 1136 ut
310 1076 455 1138 interdum
471 1075 507 1137 de
521 1077 600 1139 coelo
613 1077 697 1138 stella
710 1082 826 1152 sereno,
1022 1079 1090 1140 320
1181 1158 1184 1163 .

119 1165 184 1230 Etsi
199 1191 257 1232 non
272 1171 388 1248 cecidit,
404 1173 498 1255 putuit
512 1173 652 1234 cecidisse
668 1172 773 1234 videri.

118 1265 222 1339 Quem
237 1269 338 1350 procul
353 1290 370 1330 a
385 1268 479 1351 patria
492 1270 608 1332 diverso
621 1263 768 1332 maximus
781 1268 870 1330 orbe.
885 1269 894 1280 ”
914 1305 923 1327 .-

119 1357 241 1446 Excipit
256 1363 411 1441 Eridanus,
426 1357 651 1450 'spumantiaque
664 1366 755 1428 abluit
769 1385 830 1426 ora.

119 1454 232 1522 Naides
247 1460 399 1544 Hesperiae
413 1462 508 1539 trifida
521 1463 661 1526 fumantia
675 1461 796 1524 flammi

119 1555 255 1650 Corpora
269 1558 338 1620 dant
352 1560 482 1621 tumulo:
506 1561 678 1644 signentque
693 1559 750 1622 hoc
764 1558 894 1620 carmine
907 1579 1030 1628 saxum:

67 1652 70 1656 ’
121 1653 199 1716 ‘Hic
214 1655 285 1717 situs
300 1669 345 1718 est
359 1649 643 1734 Plia'e'thon,·currris
659 1657 758 1738 auriga
772 1655 902 1738 paterni:
1023 1647 1089 1718 326

121 1749 260 1822 Quem'
239 1773 262 1813 sr
277 1774 336 1813 non
351 1753 443 1816 tenuit
446 1755 582 1835 ,magnis
596 1767 695 1816 tamen
704 1750 820 1815 excidit
835 1752 935 1814 ausis?

122 1845 200 1908 Nam
215 1861 299 1929 pater
312 1849 466 1924 obductos,
479 1849 560 1910 luctu
575 1849 744 1910 miserabilis
760 1867 845 1930 aegro,

122 1942 301 2004 Condiderat
316 1944 429 2005 vultus:
452 1957 493 2020 et,
509 1966 532 2006 sr
524 1945 636 2006 modd
650 1944 806 2026 credimus,
821 1965 914 2006 unum

121 2038 182 2100 Isse
198 2039 313 2100 diem
291 2060 353 2101 sme
368 2040 431 2101 sole
445 2038 550 2101 serunt
595 2020 737 2102 Iricendia
750 2040 851 2101 lumen
1024 2043 1091 2105 330

121 2135 312 2212 Praebebant3
335 2136 495 2220 aliquisque
509 2137 587 2216 malo
598 2137 655 2199 fuit
669 2157 738 2226 usus
752 2137 781 2198 in
796 2137 857 2198 illo

122 2232 164 2294 At
179 2231 327 2316 Clymene
342 2248 496 2318 postquam
511 2234 595 2313 dixit,
611 2255 792 2318 quecunque
807 2231 923 2296 luerunt
975 2271 978 2279 ·

99 2376 104 2383 ,
121 2327 155 2389 ln
171 2330 256 2392 tantis
271 2330 396 2393 dicenda
409 2327 514 2408 malis;
534 2332 662 2414 lugubris
677 2346 707 2394 et
722 2353 834 2407 amens,

122 2425 164 2486 Et
178 2426 285 2488 laniata
298 2429 377 2490 sinus
391 2441 484 2489 totum
499 2429 665 2510 percensuit
674 2429 798 2492 orbem:

122 2522 343 2606 Exanimesque
358 2537 435 2586 artus
449 2523 555 2606 primd,
570 2547 640 2588 mox
655 2546 721 2586 ossa
734 2525 894 2642 nequirem,
1025 2527 1097 2590 335,

122 2617 248 2700 Reperit
261 2641 280 2680 o
341 2634 440 2681 tamen
455 2620 609 2703 peregrina
622 2621 778 2684 condita
757 2643 831 2704 npa.
1100 2629 1104 2633 ’

122 2641 413 2800 Incubuitqffioco:
437 2729 604 2802 nomenque
620 2719 649 2780 in
664 2741 806 2782 marmore
821 2720 933 2808 lectum

122 2810 256 2874 Perfudit
270 2814 418 2896 lacrymis,
433 2827 462 2877 et
477 2827 578 2898 aperto
592 2830 721 2932 pectore
728 2817 810 2882 fovit.

329 3065 491 3110 nantinus
513 3067 548 3110 ru
571 3070 714 3112 annones
737 3071 885 3113 ituram·
932 3063 945 3072 “

549 3249 578 3289 v.
594 3231 667 3294 340.
762 3319 765 3326 1

167 3393 233 3459 Neo
249 3396 344 3458 minirs
359 3394 501 3457 Heliades
516 3395 613 3473 fletus,
628 3409 668 3473 et,
683 3396 779 3458 inania
795 3409 880 3460 morti
960 3413 963 3428 ¹

117 3491 261 3572 Munera,
276 3493 346 3556 dant
359 3495 522 3576 lacrymas:
546 3506 576 3556 et
590 3513 671 3556 caese
686 3507 806 3576 pectora
820 3495 925 3580 palmis
937 3567 944 3581 ,
1029 3499 1094 3562 340
