2608 4218
95 373 101 390 ·
154 369 215 434 124
464 373 811 426 uernuonrnosrou

151 525 212 592 Sed
227 539 326 589 tamen
341 539 465 588 eventus
479 539 592 603 vestre,
607 522 770 603 fortissime,
786 547 891 609 pugne
1000 516 1005 526 ’

152 622 229 698 Quis
245 623 317 687 fuit?
340 623 454 688 Hector
468 623 527 706 abit
542 625 664 688 violatus
680 624 800 686 vulnere
820 624 910 688 nullo.

194 721 248 784 Me
263 721 412 800 miserum,
428 736 537 808 quanto
551 743 640 804 cogor
654 721 820 784 meminisse
836 720 936 796 dolore
1061 724 1121 786 280

151 817 310 902 Temporis
325 819 401 881 illius
414 841 422 896 ;
445 841 515 904 quo,
530 819 654 904 Grajirm
668 839 778 896 murus,
793 819 928 904 Achilles
972 850 980 869 ν

152 915 330 978 Procubuit!
354 913 420 978 Nec
434 937 483 978 me
499 917 645 1000 lacrymo,
660 916 806 992 luctusve,
819 917 943 982 timorve

151 1011 331 1089 Tardtmnt,
347 1013 415 1096 quin
431 1035 537 1096 corpus
551 1013 643 1076 huruo
658 1013 782 1076 sublime
797 1005 945 1075 referrem.

153 1107 210 1172 His
226 1109 364 1188 humeris,
380 1110 434 1187 his,
451 1111 580 1193 inquam,
595 1109 725 1172 humeris
739 1132 796 1192 ego
810 1133 918 1193 corpus
933 1109 1069 1188 Achillis,

97 1273 100 1280 Δ
154 1205 196 1269 Εῑ
210 1207 296 1268 simul
312 1227 389 1268 arma
406 1207 475 1272 tuli:
500 1229 563 1292 quae
578 1227 789 1292 nuncquoque
805 1205 879 1270 ferre
894 1208 1004 1271 laboro.
1063 1209 1123 1272 ‘285

155 1302 231 1366 Sunt
246 1303 327 1380 mihi,
344 1325 409 1386 quae
426 1304 541 1366 valeant
556 1305 585 1366 in
600 1304 669 1366 talia
684 1305 825 1388 pondera,
841 1305 933 1368 vires:

156 1397 212 1462 Est
226 1397 338 1460 animus
356 1412 465 1460 vestros
481 1401 564 1462 certe
577 1420 714 1461 sensurus
729 1399 865 1464 honores.
905 1421 908 1431 ·
1282 1453 1283 1476 ,

142 1499 144 1504 ’
156 1496 277 1558 Scilicet
292 1496 399 1560 idcirco
413 1517 467 1579 pro
481 1512 569 1578 gnato
583 1497 689 1560 caerula
703 1510 797 1560 mater

156 1594 321 1656 Ambitiosa
335 1615 388 1656 suo
403 1593 465 1670 fuit,
480 1609 513 1656 ut
527 1595 660 1657 coelestia
674 1595 761 1670 dona,

157 1690 239 1753 Artis
253 1713 328 1776 opus
343 1705 440 1769 tante,
455 1692 534 1754 rudis
550 1707 580 1754 et
594 1691 656 1754 sine
672 1706 791 1774 pectore
813 1689 897 1753 miles
1067 1691 1127 1754 290
1281 1685 1283 1756 l

157 1787 317 1852 Indueretl
339 1809 435 1873 neque
450 1790 528 1851 enim
542 1789 642 1873 clypei
657 1789 808 1852 caelamina
823 1787 909 1864 mitit,

157 1885 325 1960 Oceanum,
341 1898 371 1945 et
386 1899 486 1962 terras,
501 1906 629 1968 cumque
644 1886 703 1948 alto
718 1885 813 1946 sidera
827 1885 915 1961 coelo,

158 1974 366 2062 Pleiadasque,
383 1977 575 2062 Hyadesque,
591 1979 809 2064 immunemque
826 1979 947 2062 aequoris
963 1973 1098 2057 Arcton,

158 2077 357 2160 Diversaeque
372 2076 469 2153 urbes,
484 2076 667 2160 nitidumque
683 2075 801 2138 Orionis
816 2097 931 2138 ensem.

159 2173 294 2239 Postulat
309 2188 341 2236 ut
355 2174 462 2258 capiat,
478 2196 541 2258 quae
556 2196 615 2237 non
630 2173 773 2258 iutelligit,
788 2195 878 2236 arma.
1069 2173 1131 2236 295

203 2272 308 2346 Quid,i
331 2273 409 2357 qutid
424 2294 483 2349 me,
500 2271 563 2335 duri
578 2270 738 2356 fugientem
753 2295 875 2336 munera
889 2271 969 2349 belli,

162 2343 400 2456 Arguitficepto
415 2393 513 2433 serum
528 2371 685 2433 accessisse
700 2371 813 2434 labori?

162 2467 228 2531 Nec
243 2491 275 2530 se
290 2468 477 2550 magnanimo
491 2467 667 2530 maledicere
683 2468 770 2529 sentit
789 2468 920 2530 Achilli?

162 2565 194 2629 Si
209 2565 360 2627 simulasse
376 2578 462 2626 vocat
477 2563 599 2640 crimen,
614 2563 814 2626 simulavimus
829 2565 927 2629 ambo.

163 2662 195 2726 Si
211 2669 292 2724 mora
307 2681 360 2744 pro
374 2661 464 2744 culpi
479 2675 540 2737 est;
563 2683 620 2744 ego
635 2683 699 2723 sum
714 2663 853 2725 maturior
866 2663 926 2726 illo.

163 2759 217 2824 Me
232 2759 282 2843 pia
296 2757 419 2868 ‘lew
434 2756 560 2842 conjux:
584 2759 633 2842 pia
647 2773 741 2822 mater
757 2761 912 2822 Achillen:

144 2889 150 2900 -·
163 2851 405 2940 Primaquesunt
419 2857 474 2919 illis
489 2856 559 2918 data
572 2871 715 2940 tempora,
730 2871 835 2920 cetera
851 2858 941 2920 vobis.
1049 2868 1052 2875 '

165 2953 255 3017 Haud
270 2954 370 3032 timeo,
386 2954 410 3017 si
421 2953 483 3039 jam
498 2975 615 3038 nequeo
628 2953 787 3016 defendere
802 2955 912 3018 crimen

164 3050 246 3114 Cum
260 3065 341 3114 tanto
355 3074 512 3114 commune
530 3052 602 3114 viru.
647 3051 821 3136 Deprensus
836 3051 952 3134 Ulyssis

165 3148 288 3230 ingenio
303 3162 402 3211 tamen
417 3150 465 3212 ille
479 3172 487 3226 3
510 3163 612 3213 utnon
628 3149 740 3234 Ajacis,
755 3147 890 3231 Ulysses.

209 3246 296 3308 Neve
311 3247 341 3307 in
356 3267 403 3308 me
418 3247 528 3308 stolidae
543 3247 674 3308 convicia
690 3245 810 3308 sundere
826 3244 931 3324 linguae
940 3299 954 3336 ⁴
1043 3279 1045 3286 ,

169 3342 357 3406 Admiremur
372 3363 458 3404 eum:
482 3342 563 3404 vobis
580 3364 696 3425 quoque
712 3341 798 3422 digna
814 3339 927 3422 pudore

148 3481 150 3490 ,
168 3441 291 3526 Objicit.
338 3441 388 3502 An
403 3438 475 3501 falso
490 3439 672 3501 Palameden
687 3439 808 3500 crimine
822 3451 908 3520 turpe

157 3523 335 3618 'Accustisse
351 3535 432 3612 mihi,
448 3534 529 3596 vobis
545 3532 699 3596 domuisse
714 3533 854 3595 decorum
869 3533 936 3596 est?
