2604 4216
585 371 693 422 LIBER
709 371 755 421 lv.

109 531 132 576 J
182 522 321 586 Volvitur
335 521 440 586 Ixion:
463 533 540 584 etse
554 521 744 612 sequiturque
758 519 899 603 fugitque.
935 535 937 540 ’

183 619 342 705 Moliriquc
357 620 417 682 suis
431 621 524 682 letum
539 618 718 701 patruelibus
730 639 816 694 ausae,
924 633 928 638 ·

182 719 324 780 Adsiduae
339 725 488 800 repetunt,
504 737 575 800 quas
590 715 724 803 perdant,
740 714 862 777 Belides
876 713 978 776 undas.

183 814 271 887 Quos
285 835 389 878 omnes
405 815 468 876 acie
484 827 639 897 postquam
655 812 791 875 Saturnia
804 811 889 898 tornai

185 909 279 988 Vidit,
295 925 325 974 et
340 925 408 975 ante
423 930 526 985 onmes
541 909 663 987 Ixiona;
685 931 782 972 rursus
798 910 835 970 ab
850 908 900 970 illo
1079 894 1158 972 145

186 1008 336 1094 Sisyphon
351 1008 527 1091 adspiciens,
543 1007 626 1070 ‘Cur
640 1007 689 1069 hic
704 1029 721 1068 e
737 1005 892 1078 fratribus,'
909 1004 1013 1088 inquit,

122 1156 125 1162 .
184 1106 367 1189 ‘Perpetuus
378 1107 490 1190 patitur
504 1125 607 1188 poenas
617 1126 635 1184 ·,
649 1105 831 1167 Athamanta
845 1103 1004 1185 superbum

184 1201 282 1286 Regia
297 1205 379 1268 dives
394 1205 502 1266 habet:
526 1203 576 1287 qui
590 1224 640 1265 me
655 1225 724 1266 cum
738 1201 863 1286 conjuge
879 1221 997 1284 semper

184 1299 335 1384 Sprevitl'
358 1315 388 1364 et
403 1302 526 1385 exponit
540 1323 643 1364 causas
658 1301 776 1384 odiique
792 1301 923 1383 viaeque3
1025 1305 1045 1320 “’

185 1398 328 1483 Quidque
345 1400 425 1461 velit.
470 1398 564 1472 Quod
580 1399 679 1474 vellet,
695 1411 767 1473 erat,
781 1419 819 1478 qe
835 1397 914 1478 regia
929 1394 1039 1457 Cadmi
1099 1395 1161 1458 150

185 1495 302 1570 Staret3
324 1497 398 1558 etin
414 1493 525 1558 lacinus
540 1495 688 1559 traherent
704 1495 886 1568 Athamanta
900 1513 1025 1554 sorores:
1077 1517 1085 1575 Ι·

186 1590 360 1673 imperium,
374 1587 527 1674 promissa,
542 1612 645 1673 preces
660 1590 813 1652 confundit
826 1591 855 1652 in
870 1611 980 1652 unum:
1090 1662 1092 1666 y

186 1687 391 1772 Sollicitatque
407 1689 488 1750 deas.
533 1688 583 1750 Sic
597 1689 661 1750 haec
675 1686 796 1748 lunone
808 1686 918 1764 locuti,

185 1785 353 1868 Tisiphone
368 1798 516 1868 canos,ut
531 1797 603 1860 erat,
618 1784 733 1846 turbata
746 1784 867 1866 capillos
897 1795 898 1800 ’

184 1881 302 1944 Movit:
326 1895 356 1944 et
369 1880 636 1965 obstantes-rejecit
652 1882 688 1942 ab
704 1902 754 1943 ore
769 1881 913 1942 colubras.
1099 1868 1165 1957 155¹

186 1979 288 2062 Atque
302 1979 353 2054 ita,
369 1977 457 2040 ‘Non
473 1979 566 2060 longis
580 1999 655 2061 opus
671 1993 716 2040 est
731 1979 921 2061 ambagibus,'
937 1979 1009 2042 infit.

186 2076 298 2140 ‘Facta
313 2091 396 2161 puta,
412 2098 593 2160 quascunque
605 2075 711 2160 jubes:
735 2077 890 2140 inamabile
904 2099 1028 2160 regnum

185 2173 318 2238 Desere:
342 2189 432 2258 teque
447 2173 524 2235 refer
539 2175 607 2237 coeli
622 2175 750 2238 melioris
760 2175 802 2236 ad
817 2174 923 2236 auras?

229 2271 312 2334 Laeta
326 2272 402 2334 redit
416 2270 514 2333 Juno:
538 2293 626 2355 quarn
642 2271 752 2334 coeldm
767 2273 873 2333 intrare
888 2286 1042 2354 parantem

187 2367 305 2433 Roratis
320 2369 453 2432 lustravit
468 2368 552 2452 aquis
566 2367 780 2431 Thaumantias
797 2368 859 2431 lris
1061 2375 1063 2380 '
1088 2385 1095 2400 ’·
1103 2372 1163 2435 160

228 2465 258 2528 Ν
260 2488 295 2528 ec
304 2488 410 2540 mora:
423 2465 598 2549 ‘Tisiphone
613 2465 808 2528 madefactam
824 2467 965 2549 sanguine
979 2467 1069 2530 sumit

186 2561 360 2646 lmportuna
374 2563 487 2626 lacem:
511 2563 661 2647 fluidoque
676 2586 779 2626 cruore
794 2565 950 2628 rubentem
967 2581 977 2605 ’-
998 2599 1000 2605 2
1055 2595 1057 2600 v
1161 2549 1166 2559 ⁴

186 2657 320 2723 induitur
333 2661 457 2743 pallam:
478 2675 614 2744 tortoque
629 2662 784 2744 incingitur
794 2681 904 2744 angue:

187 2755 404 2840 Egrediturque
419 2758 518 2819 domo.
563 2757 678 2819 Luctus
692 2760 869 2821 comitantur
883 2775 1015 2838 euntem,

186 2853 228 2918 Et
243 2855 353 2930 Pavor,
368 2869 399 2916 et
413 2853 533 2931 Terror,
549 2855 724 2938 trepidoque
741 2855 858 2919 Insania
874 2859 967 2921 vultu.
1104 2861 1168 2925 165

186 2951 305 3016 Limine
320 2951 505 3014 constiterat:
529 2965 629 3034 postes
644 2953 797 3014 tremuisse
813 2953 943 3016 seruntur
1088 2965 1092 2972 '
1164 2964 1167 2972 “

188 3049 297 3126 AEolii3
320 3049 473 3134 pallorque
487 3047 564 3110 fores
579 3048 680 3110 insecit
694 3069 832 3113 acernus:

187 3147 299 3234 Solque
313 3148 413 3212 locum
430 3146 513 3230 sugit.
558 3145 699 3210 Monstris
712 3149 852 3213 exterrita
867 3150 1014 3236 conjux,
1063 3153 1067 3156 ’
1160 3193 1167 3210 .

187 3245 321 3308 Territus
337 3260 382 3308 est
396 3246 559 3308 Athamas:
583 3259 722 3332 tectoque
738 3248 821 3314 exire,
835 3251 985 3332 parabant.
1163 3227 1169 3276 ι·

186 3345 310 3408 Obstitit
324 3344 438 3422 infelix,
454 3345 625 3428 aditumque
640 3347 766 3420 obsedit,
783 3345 928 3432 Erinnys:
1105 3353 1165 3416 tto

188 3441 335 3528 Nexaque
351 3443 477 3528 vipereis
491 3443 661 3506 distendens
676 3437 795 3508 brachia
811 3447 908 3523 nodis,
1208 3449 1211 3454 ’

188 3539 348 3626 Caesariani
364 3542 505 3604 excussit.
549 3541 642 3606 Muta
656 3535 782 3606 sonuerit
797 3545 940 3607 colubra:
