2604 4216
446 337 796 418 narsuoarnosaor'r

360 639 493 700 DAPHNE
516 640 551 680 IN
573 637 705 680 LAURUM
726 638 866 681 MUTATA·
954 641 955 646 ’

536 837 590 892 Υιη’
605 815 678 874 452.
722 838 724 844 ¹

125 993 242 1058 Primus
257 1015 338 1056 amor
352 994 462 1058 Phoebi
476 993 611 1076 Daphne*
622 993 754 1068 Peneia;
777 1015 865 1077 quem
880 1016 939 1056 non
1033 997 1100 1062 430

124 1089 200 1154 Fors
214 1092 312 1173 ignara
327 1092 419 1167 dedit,
434 1091 486 1152 sed
501 1112 578 1153 saeva
590 1089 750 1173 Cupidinis
765 1089 816 1152 ira.

125 1187 231 1252 Delius
246 1189 325 1250 hunc
340 1209 444 1270 nuper,
461 1188 539 1250 victi
553 1202 692 1271 serpente
706 1189 860 1271 superbus

125 1283 248 1348 Viderat
264 1285 391 1346 adducto
406 1285 576 1367 flectentem
591 1303 702 1349 cornua
716 1307 824 1355 nervo:

124 1381 289 1466 ‘Quidque
304 1384 489 1466 tibi„lascive
506 1405 588 1466 puer,
603 1382 807 1454 cumlortibus
822 1383 939 1452 armis?
967 1455 970 1461 ,
1036 1366 1040 1376 ¹

124 1475 267 1543 Dlxerat:
292 1481 364 1542 ‘ista
378 1481 487 1543 decent
502 1481 639 1544 humeros
654 1481 815 1562 gestamina
829 1494 941 1542 nostros
954 1502 962 1556 3
1033 1483 1098 1544 435

124 1575 187 1650 Qui
204 1579 272 1640 dare
288 1593 368 1641 certa
384 1578 461 1654 lerae,
475 1579 545 1640 dare
561 1579 683 1648 vulnera
697 1600 851 1660 possumus
866 1579 953 1642 hosti.
985 1595 995 1616 ³

123 1674 187 1747 Qui
202 1676 301 1752 modi,
318 1675 454 1759 pestifero
469 1690 512 1738 tot
523 1675 632 1759 jugera
643 1690 744 1748 ventre
761 1689 954 1760 prementem,
974 1696 985 1715 ·

123 1771 284 1834 Stravimus
299 1774 467 1849 innumeriS,
483 1759 627 1835 tumidum
643 1769 796 1856 Pythona,
808 1773 939 1855 sagittis!

123 1867 216 1931 Filius
233 1871 301 1932 huic
319 1870 444 1932 Veneris
455 1893 470 1946 3,
486 1870 595 1952 ‘Figat
611 1884 679 1932 tuus
693 1872 801 1946 omnia,
816 1871 935 1950 Phoebe
944 1894 953 1948 ;

121 1965 170 2028 Te
187 1988 270 2028 meus
286 1967 389 2043 arcus,'
408 1968 464 2043 ait3
488 1967 829 2050 ‘quantiqueanimalia
842 1969 952 2038 cedunt
1023 1997 1026 2002 ¹
1048 2001 1052 2008 Χ

123 2062 241 2128 Cuncta
256 2064 318 2138 tibi,
334 2065 416 2127 tanti
430 2065 524 2127 minor
538 2079 583 2126 est
598 2079 649 2126 tua
664 2065 755 2146 gloria
769 2065 888 2128 nostris!
1032 2068 1091 2129 441

138 2219 141 2226 ,
165 2161 270 2226 Dixit:
295 2178 325 2224 et
340 2161 414 2224 eliso
428 2162 572 2244 percussis
588 2165 655 2224 a3're
673 2163 776 2244 pennis

123 2257 251 2342 lmpiger
265 2259 403 2322 umbrosi
418 2260 554 2324 Parnassi
569 2260 697 2323 constitit
713 2282 799 2322 arce:

122 2357 209 2440 Eque
225 2358 383 2440 sagittifera
400 2359 538 2441 prompsit
555 2359 613 2420 duo
628 2359 687 2420 tela
703 2357 851 2441 pharetra*
888 2385 895 2402 ¹

123 2455 315 2518 Diversorum
327 2478 461 2538 operum.
507 2455 606 2536 Fugat
621 2455 689 2530 hoc,
704 2455 773 2518 saait
788 2456 858 2518 illud
874 2477 1014 2526 amorem.

121 2549 213 2625 Quod
230 2553 308 2629 lacit,
325 2566 457 2614 auratum
474 2566 528 2628 est,
544 2566 573 2612 ct
588 2552 710 2634 cuspide
726 2551 817 2635 sulget
834 2552 937 2615 acutd:
1030 2553 1094 2615 446

121 2648 213 2722 Quod
229 2650 319 2732 lugat,
330 2650 465 2712 obtusum
483 2663 537 2724 est,
554 2663 584 2711 et
598 2650 687 2712 habet
702 2651 755 2710 sub
771 2651 913 2714 arundine
928 2651 1091 2735 plumbum.

121 2746 189 2809 Hoc
205 2748 277 2828 deus
293 2748 321 2808 in
338 2747 472 2828 nympha
487 2737 621 2814 Peneide
641 2748 723 2822 fixit3
745 2761 774 2809 at
790 2748 839 2810 illo

120 2844 210 2906 Laesit
225 2844 397 2925 Apollineas
413 2842 534 2927 trajecta
549 2865 602 2926 per
615 2865 680 2906 ossa
697 2844 849 2906 medullas.

120 2941 259 3004 Protinus
274 2942 347 3004 alter
362 2956 439 3004 amat
453 2963 461 3018 ;
484 2941 556 3024 sugit
572 2942 662 3004 altera
677 2963 785 3014 nomen
802 2944 936 3020 amantis,
1029 2945 1092 3006 450

121 3039 266 3102 Silvarum
282 3039 409 3116 latebriS,
425 3042 667 3123 captivarumque
683 3041 808 3104 serarum

120 3135 246 3198 Exnviis
262 3136 403 3216 gaudem,
419 3138 608 3219 innuptaeque
625 3138 727 3201 aemula
743 3137 885 3200 Phoebes.
972 3205 975 3212 Δ

121 3232 205 3294 Vitta
218 3234 374 3296 coercebat
390 3234 499 3316 positos
514 3235 576 3294 sine
591 3234 657 3314 lege
672 3234 805 3316 capillos.

120 3331 174 3393 Illa
189 3329 271 3412 fugit,
287 3351 384 3414 neque
400 3331 436 3392 nd
453 3331 514 3392 haea
530 3331 694 3392 revocantis
709 3331 798 3392 verba
812 3331 927 3392 resistit.

121 3436 129 3466 ‘
143 3426 295 3514 Nympha,
311 3449 424 3511 precor,
439 3427 547 3503 Penei,
562 3448 666 3488 mane:
689 3449 747 3488 nnn
763 3427 899 3510 insequor
912 3427 1013 3490 hostis.
1052 3453 1054 3458 ·

18 3571 20 3576 -
121 3523 274 3606 Nympha,
289 3547 386 3586 mane.
424 3525 473 3586 Sic
489 3546 564 3606 agna
579 3524 692 3606 lupum,
707 3524 748 3586 sio
760 3545 848 3586 nerva
862 3525 990 3603 leonem,
1027 3527 1091 3588 456

121 3620 171 3684 Sic
186 3623 312 3707 aquilam
327 3621 427 3706 penna
441 3621 554 3704 lugiunt
569 3621 733 3716 trepidante
748 3622 909 3700 columbae5

1267 892 1276 1027 l

1268 1072 1274 1103 l
