2604 4216
488 401 496 410 ,
567 364 675 418 menn
689 364 749 416 Vll.
816 379 820 386 ’

215 515 333 578 AEsonis
348 515 483 582 effoetum
497 513 619 598 proferri
632 535 739 598 corpus
754 514 791 576 ad
806 526 868 582 'atvs

171 613 286 676 lussit:
305 624 337 675 et
351 612 381 674 in
396 611 499 708 plenos
514 612 684 681 resolutum
688 612 817 686 carmine
831 629 970 688 somnos,

132 751 138 761 2
173 711 314 776 Exanimi
329 711 464 788 similem,
479 710 574 776 stratis
589 709 720 794 porrexit
734 709 763 770 in
782 707 889 770 herbis.
1101 708 1145 770 00
1190 781 1192 784 ¹

173 808 253 871 Hine
270 793 371 892 prdoul
388 807 563 900 AEsoniden‚
576 806 678 892 procul
692 807 761 870 hinc
753 805 877 890 jubet
870 825 911 868 ue
926 805 1086 893 mipistms:

174 905 217 969 Et
232 919 333 970 monet
348 907 460 972 arcanis
474 907 576 968 oculos
590 927 741 968 removere
756 903 903 988 profanos
961 931 963 936 ·

174 1003 366 1086 Diffugiunt
353 1005 438 1089 Jussi.
471 1003 596 1086 ¹Sparsis
610 1001 722 1064 Medea
736 1001 849 1084 capillis

174 1100 383 1164 Bacchantdm
395 1099 452 1162 ritu
467 1100 621 1182 flagrantes
635 1099 739 1162 circuit
753 1117 834 1161 aras:
894 1125 897 1129 ·

174 1195 395 1282 Multifidasque
411 1197 488 1260 faces
503 1195 626 1260 insessi
640 1196 787 1278 sanguinis
803 1195 867 1258 atri

174 1293 293 1376 Tingit:
317 1309 346 1358 et
362 1295 496 1358 intinctas
511 1295 634 1376 geminis
649 1293 805 1357 accendit
798 1316 827 1355 ιιι
843 1293 908 1356 aris.

174 1391 296 1475 Terque
311 1413 413 1457 senem
428 1391 559 1469 damma,
574 1406 619 1456 ter
634 1391 720 1476 aqua,
735 1406 781 1453 ter
794 1389 902 1456 sulfure
916 1390 1030 1503 lustrat
1090 1432 1094 1436 -

175 1488 292 1551 Interea
307 1489 437 1553 validum
451 1488 548 1572 posito
562 1489 747 1554 medicamen
763 1491 839 1552 aino

174 1583 306 1662 Fervet3
329 1600 360 1648 et
373 1587 520 1662 exsultat3
541 1587 714 1669 spumisque
726 1587 906 1656 tumentibus
921 1586 1010 1648 albet

176 1681 242 1745 Illic
257 1682 414 1745 Haemonii
427 1683 539 1746 radices
554 1681 632 1750 valle
645 1695 783 1759 resectas,
1104 1684 1149 1746 00

170 1780 371 1864 Seminaque,
382 1779 538 1864 floresque,
554 1793 588 1842 et
599 1801 703 1844 suecos
717 1779 846 1862 incoquit
861 1800 954 1850 acres.

176 1877 288 1962 Adjicit
304 1890 438 1942 extremo
452 1877 564 1960 lapides
578 1877 703 1940 Oriente
719 1877 837 1960 petitos,
947 1879 950 1884 ’

175 1973 228 2051 Et,
245 1996 316 2057 quas
331 1973 446 2044 Oceani
461 1974 587 2060 refluum
601 1996 687 2040 mare
697 1973 778 2052 lavit,
793 1995 906 2038 areum.

177 2071 271 2134 Addit
285 2085 316 2134 et
330 2085 472 2155 exceptas
487 2071 576 2146 Luni
590 2085 731 2158 pernoote
745 2073 874 2155 pruinas.
982 2071 985 2078 ⁴
1037 2147 1039 2154 Ι

176 2167 233 2232 His
247 2181 279 2231 et
292 2169 372 2230 millo
388 2161 450 2231 aliis
463 2183 620 2252 postquam
635 2169 698 2232 sine
713 2170 831 2232 nornine
849 2161 936 2233 rebus
1055 2227 1057 2232 .
1109 2171 1150 2233 95

176 2264 366 2349 Propositum
381 2266 517 2340 instruxit
531 2266 649 2328 mortnri
663 2261 785 2327 barbara
799 2287 925 2342 munus;

177 2363 281 2428 Arenti
296 2384 379 2425 ramo
388 2361 566 2447 jampridem
577 2362 658 2430 ¹mitis
672 2362 756 2427 olivae

177 2460 287 2524 Omnia
301 2460 453 2544 confundit
463 2469 479 2539 ;‘
493 2462 672 2546 summisque
688 2461 845 2524 inmiscuit
857 2460 928 2524 ima.
988 2533 991 2538 .

177 2555 259 2621 Fece
276 2572 359 2620 vetus
372 2558 468 2622 calido
483 2573 613 2623 versatus
628 2560 719 2642 stipes
735 2561 810 2624 ae'no

176 2654 228 2718 Fit
243 2653 339 2719 viridis
355 2656 467 2740 primb;
490 2677 546 2730 nec
560 2657 648 2740 longo
662 2671 797 2742 tempore
811 2657 946 2722 frondem
1090 2661 1151 2720 100

176 2753 276 2815 Induit
287 2775 297 2831 3,
317 2767 348 2816 et
362 2753 458 2828 subitb
472 2749 608 2836 gravidis
614 2768 750 2818 oneratur
764 2753 872 2816 olivis.x
1045 2759 1046 2763 ’

179 2851 222 2913 At
238 2849 417 2934 quicunque
432 2871 507 2914 cavo
521 2872 640 2935 spumas
655 2851 743 2934 ejecit
756 2854 833 2914 atino
943 2905 945 2910 .
980 2889 985 2893 ’

177 2947 269 3030 lgnis²
284 2961 314 3010 et
329 2947 358 3008 in
373 2960 481 3008 terram
495 2960 584 3029 gutte
599 2949 733 3009 cecidere
747 2948 896 3024 calentes3

178 3043 294 3106 Vernat
308 3044 433 3106 humus:
457 3038 613 3126 floresque,
629 3057 659 3106 et
673 3043 772 3106 mollia
787 3043 894 3126 pabula
907 3058 1038 3126 surgunt.

179 3141 272 3216 Quod
287 3139 423 3204 simulac
439 3141 528 3218 vidit;
550 3143 649 3204 stricto
664 3139 777 3204 Medea
790 3141 913 3206 recludit
963 3180 964 3185 κ
1092 3145 1152 3207 105

179 3237 261 3301 Ense
276 3239 353 3312 senis
367 3238 522 3324 jugulum:
547 3252 737 3324 veteremque
753 3240 834 3331 exire
849 3262 981 3304 cruorem
1169 3315 1173 3324 ,

179 3335 282 3413 Passa,
297 3337 391 3420 replet
406 3337 511 3400 suoois.
556 3334 644 3410 Quos
659 3345 815 3422 'postquam
829 3339 969 3401 combibit
983 3337 1079 3400 AEson

179 3435 244 3498 Aut
258 3455 308 3496 ore
323 3448 471 3518 acceptos,
486 3448 537 3498 aut
551 3435 691 3513 volnere;
713 3435 804 3498 barba
817 3433 968 3520 c'omaeque

180 3529 298 3595 Canitie
314 3532 409 3615 positi
422 3533 537 3614 nigrum
551 3535 676 3616 rapuere
691 3533 831 3622 colorem.
