2608 4218
170 371 232 435 tat
480 374 826 428 nasamoneuosnou

167 523 286 592 Occidit
300 547 318 588 a
332 522 397 590 torti
415 525 540 611 (sio-vos
555 524 701 610 voluistis)
719 525 847 588 Achille.
1079 527 1145 590 590

168 623 228 700 Da,
243 645 357 707 precor,
373 625 441 687 huie
455 625 593 708 aliquem,
609 625 711 686 solatia
723 623 835 698 mortis,
850 622 1004 699 bonorem,

167 718 289 784 Summe
301 721 394 811 *debu
408 735 513 798 rector,
527 736 716 804 maternaque
733 721 852 782 vulnera
866 719 948 782 leni.'

201 817 327 903 ..tupiter
340 834 500 895 annuerat;
522 820 591 882 edm
606 817 777 883 Memnonis
791 817 898 882 arduus
913 817 974 879 alto

167 913 287 981 Corruit
302 917 369 999 igne
384 937 481 1000 rogus,
497 908 629 998 nigrique
645 915 793 978 volumina
807 913 879 976 firmi

167 1011 302 1076 infecere
316 1014 413 1078 diem:
437 1014 528 1076 veluti
542 1014 611 1075 oum
626 1012 746 1076 flumina
760 1025 843 1074 natas
1027 1066 1031 1070 .
1078 1012 1140 1073 595

168 1109 320 1174 Exhalant
335 1111 467 1186 nebulas,
482 1131 538 1172 neo
553 1109 596 1172 sol
613 1109 775 1172 admittitur
788 1107 872 1184 insti.

168 1209 244 1270 Atra
258 1206 357 1272 favilla
373 1208 461 1283 volat,
476 1208 695 1289 glomerataque
710 1226 818 1292 corpus
833 1205 862 1268 in
879 1225 970 1268 unum

168 1303 336 1382 Densatur3
358 1303 522 1387 faciemque
536 1304 635 1387 capit:
658 1303 806 1386 sumitque
821 1303 949 1366 calorem

168 1402 270 1488 Atque
286 1403 413 1466 aninam
428 1422 468 1464 ex
484 1400 552 1480 igni.
598 1400 719 1462 levitas
733 1420 787 1462 sua
802 1399 924 1484 prebuit
939 1399 1009 1462 alas.

168 1499 210 1566 Et
225 1501 321 1585 primd
334 1500 435 1563 similis
451 1499 572 1576 volucri,
587 1519 659 1560 rnox
675 1519 744 1560 vera
759 1497 884 1560 volueris
1076 1497 1139 1559 600

168 1597 302 1662 insonuit
312 1597 430 1682 pennis.
474 1595 588 1659 Pariter
603 1596 727 1680 sonuere
742 1615 854 1656 sorores

168 1695 343 1774 innumere,
358 1695 464 1780 quibus
478 1709 524 1758 est
539 1694 645 1758 eadem
658 1693 762 1759 natalis
777 1691 868 1774 origo.

65 1803 67 1806 '
166 1791 289 1877 Terque
304 1815 408 1875 rogum
422 1794 561 1856 lustrant:
584 1805 614 1854 et
628 1811 774 1854 consonus
789 1789 852 1852 exit
866 1788 896 1850 in
911 1807 995 1858 auras

165 1888 231 1953 Ter
244 1891 380 1971 clangor:
404 1904 507 1972 quarto
521 1889 666 1952 seducunt
680 1900 775 1949 castra
790 1887 900 1948 volatu.
1024 1927 1026 1930 -
1110 1937 1122 1959 „

166 1985 249 2050 Turn
264 1987 325 2050 duo
339 1985 455 2048 diversi
471 1984 572 2068 populi
587 1985 625 2046 de
642 1997 724 2068 parte
740 1982 853 2052 feroces
1075 1983 1139 2046 605

167 2083 255 2148 Bella
269 2097 383 2168 gerunt,
398 2082 565 2166 rostrisque,
581 2093 611 2143 et
626 2080 745 2144 aduncis
760 2077 906 2163 unguibus
921 2079 977 2142 irat

168 2181 331 2259 Exercent,
347 2181 466 2266 alasque
481 2180 662 2262 adversaque
678 2191 799 2262 pectora
813 2177 938 2240 lassant:

167 2279 340 2364 luserieque
355 2278 466 2341 eadunt
478 2277 569 2340 cineri
584 2290 710 2359 cognata
726 2274 842 2360 sepulto

167 2375 320 2460 Corpora:
344 2398 399 2458 seq
411 2397 437 2438 e
455 2375 515 2438 viro
529 2373 772 2444 sortimemindre
787 2387 910 2435 creatas.
946 2443 949 2448 ¹

210 2473 393 2556 Praepetibus
408 2471 509 2534 subitis
523 2493 632 2532 nomeu
647 2469 716 2532 facit
729 2484 850 2545 auotor3
872 2470 909 2532 ab
922 2469 973 2532 illo
1075 2470 1142 2532 61⁰

118 2645 128 2658 ἱ
167 2569 375 2634 Memnonides
389 2567 484 2642 dictae,
498 2569 568 2628 edm
583 2565 626 2630 sol
641 2566 778 2631 duodena
794 2567 906 2649 peregit

167 2665 267 2749 Signa,
283 2664 424 2748 parentali
440 2663 574 2746 peritura
590 2661 688 2750 Marte
703 2663 857 2727 rebellant.

167 2763 249 2846 Ergo
263 2764 324 2826 aliis
338 2760 459 2826 latrasse
474 2759 773 2848 Dymantidaflebile
787 2761 899 2824 visum:

167 2861 311 2924 Luctibus
324 2873 369 2922 est
385 2860 500 2926 Aurora
514 2858 573 2920 suis
584 2857 707 2936 intenta,
723 2859 844 2942 piasque

167 2957 197 3022 N
200 2980 257 3021 une
272 2979 390 3044 quoque
405 2957 455 3020 dat
464 2957 625 3040 lacrymas,
639 2970 670 3019 et
685 2970 747 3020 toto
761 2971 839 3020 rorat
853 2956 883 3020 in
897 2957 979 3020 orbe.
1074 2955 1139 3026 615
