2608 4218
152 341 217 421 'te-2
444 351 797 420 marnaronruoseon.

135 510 256 600 ³Mente
272 513 364 578 ferant
379 513 511 599 placidi:
535 517 631 598 doceo¹
644 539 702 601 quo
716 518 806 582 simus
820 516 928 596 alendi,
963 592 967 597 .

150 601 330 675 Annandive
345 613 453 674 modo:
477 614 576 676 mittor
591 613 649 698 qud
664 614 792 698 postulat
806 637 885 676 usus.
1057 616 1119 680 215

192 705 275 769 Ecce
291 705 375 770 Jovis
391 711 513 786 monitu,
530 710 672 792 deceptus
688 710 812 792 imagine
827 711 932 788 somni,

149 799 220 866 Rex
232 802 340 888 jubet
333 807 442 888 meapti
456 812 556 870 curam
572 807 717 870 dimittere
731 807 811 869 belli
864 871 865 874 ,

149 897 202 978 Ille
217 914 315 983 potest
330 917 449 964 auctore
465 926 547 965 suam
562 899 720 986 defendere
735 926 865 968 causam.

149 973 219 1058 Non
233 997 308 1060 sinat
323 996 380 1061 hoc
396 998 487 1084 Ajax‚
503 981 685 1083 delendaque
701 997 846 1098 Pergama
861 1017 979 1086 poscat:

147 1087 301 1178 Quodque
316 1109 424 1177 potest,
440 1109 560 1179 pugnet.
606 1096 671 1159 Cur
684 1119 742 1158 non
757 1113 918 1178 remoratur
931 1099 1040 1162 ituros?
1055 1103 1117 1163 220

146 1185 212 1253 Cur
225 1212 285 1252 non
299 1211 379 1254 arma
393 1189 492 1302 capit?
536 1191 609 1270 Dat,
625 1193 708 1304 quod·
718 1214 793 1288 vaga
808 1195 893 1258 turba
906 1199 1064 1292 sequatur?

148 1284 217 1348 Non
233 1301 295 1350 erat
308 1288 407 1350 hoc
380 1289 501 1358 nimium
516 1311 665 1373 nunquam
679 1291 734 1352 nisi
750 1313 856 1373 magna
870 1283 1011 1388 loquenti

146 1379 242 1460 Quid,
258 1384 336 1468 qudd
351 1399 381 1447 et
396 1385 459 1468 ipse
474 1385 569 1469 sugis?
593 1387 662 1464 vidi,
677 1385 841 1471 puduitque
858 1381 967 1467 videre,

146 1477 228 1544 cum
243 1496 274 1544 tu
290 1496 372 1564 terga
385 1482 480 1558 dares,
496 1483 708 1595 inhonestaque
725 1486 789 1547 vela
804 1507 935 1570 parares.v
955 1552 957 1557 ,
1102 1555 1108 1560 ,

147 1575 214 1641 Nec
229 1601 321 1656 mora,
336 1578 442 1654 ‘Quid
457 1579 569 1645 facitis?
593 1604 657 1666 quae
674 1604 725 1644 vos
740 1582 909 1659 dementia,’
923 1581 998 1660 dixi,
1054 1577 1116 1648 '225

146 1675 317 1754 ‘Concitat,
332 1699 350 1740 ο
365 1677 446 1755 socii,
460 1693 578 1764 captam
593 1680 738 1766 dimittere
741 1677 896 1764 Trojarn?

145 1769 269 1845 Quidve
284 1775 404 1836 domum
420 1774 499 1838 sertis
503 1777 682 1854 decimo,
655 1799 709 1839 msr
700 1775 863 1859 dedecus,
880 1777 988 1840 anno?

144 1865 270 1932 Talibus
285 1883 373 1953 atque
389 1873 486 1948 aliis,'
478 1895 507 1933 m
523 1894 586 1954 quae
603 1871 707 1935 dolor
699 1895 763 1956 rpse
778 1873 918 1936 disertum

136 1961 284 2057 Fecerat,
300 1987 417 2041 aversos
433 1966 557 2050 profuga
571 1969 608 2030 de
623 1969 715 2058 classe
730 1970 845 2032 reduxi.

9 2045 11 2068 l
101 2091 118 2162 ξ·
146 2061 303 2128 Convocat
318 2064 437 2126 Atrides
452 2065 545 2126 socios
560 2079 668 2128 terrore
684 2080 846 2148 paventes:

146 2157 214 2224 Nec
228 2160 456 2224 Telamoniades
471 2162 559 2224 etiam
574 2185 652 2224 nune
667 2163 779 2225 hiscere
795 2153 954 2248 quidquam

9 2277 10 2334 j
94 2276 96 2281 ·
145 2258 253 2324 Ausit:
275 2273 305 2322 at
320 2281 406 2322 ausus
422 2275 483 2327 erat
498 2282 582 2343 reges
597 2260 742 2322 incessere
757 2259 841 2322 dictis

141 2355 309 2434 Thersites,
323 2352 413 2420 etiam
430 2379 483 2442 per
497 2380 545 2422 me
560 2357 638 2420 haud
654 2357 786 2440 impune,
802 2359 955 2440 protervis.

145 2453 261 2536 Erigor,
277 2469 308 2521 et
322 2451 452 2538 trepidos
466 2456 547 2518 cives
562 2457 702 2519 exhortor
715 2455 744 2516 in
760 2455 892 2517 hostem:
935 2523 936 2528 η

145 2551 353 2634 Amissamque
368 2551 437 2628 meri
453 2551 589 2612 virtutem
605 2571 678 2612 voce
693 2571 827 2637 reposco.

142 2647 296 2734 Tempore
311 2649 348 2709 ab
363 2649 430 2724 hoc,
447 2648 641 2757 quodcunque
658 2661 753 2731 potest
770 2647 873 2711 secisse
891 2649 981 2730 videri
1062 2725 1064 2728 Ι

144 2743 296 2807 Fortiter
288 2759 353 2820 rste,
369 2765 469 2806 meum
484 2758 545 2806 est:
564 2766 618 2856 ‘qur
610 2744 753 2808 dantem
768 2757 850 2828 terga
865 2749 982 2810 retraxi.

187 2841 325 2926 Denique
341 2843 378 2904 de
394 2842 508 2905 Danais
524 2843 586 2928 quis
601 2857 631 2906 te
646 2843 783 2909 laudatve
798 2844 933 2927 petitae?
1037 2923 1041 2926 ,

144 2937 186 3002 At
201 2961 254 3002 sua
267 2940 403 3024 Tydides
418 2963 536 3004 mecum
550 2939 748 3004 communicat
762 2956 844 3004 acta:
1173 3014 1176 3018 ¹

143 3035 198 3100 Me
215 3038 335 3120 probat.
359 3053 389 3100 et
403 3039 483 3102 socio
498 3061 615 3124 semper
628 3040 747 3103 confidit
762 3039 884 3124 Ulysse
924 3035 928 3040 ’
959 3119 961 3124 ¹
1052 3041 1115 3104 240

144 3133 200 3196 Est
214 3135 334 3218 aliquid,
349 3136 386 3198 de
401 3151 445 3201 tot
458 3135 617 3221 Grajorum
631 3139 767 3214 millibus,
783 3160 874 3200 unum

143 3230 173 3292 A
189 3230 338 3294 Diomede
353 3233 422 3316 legi.
467 3233 534 3296 Nec
550 3257 598 3297 me
612 3257 673 3297 sors
689 3236 729 3298 ire
740 3235 881 3319 jubebat:

143 3325 195 3391 Sic
209 3342 308 3392 tamen
323 3343 353 3391 et
368 3343 467 3411 spreto
481 3331 632 3412 noctisque
648 3332 798 3414 hostisque
813 3332 933 3413 periclo,

144 3411 262 3488 Ausum
276 3423 391 3502 eadem,
408 3441 471 3508 que
487 3447 550 3502 nos,
566 3423 700 3510 Phrygia
714 3429 750 3488 de
765 3441 853 3508 gente
870 3427 1001 3492 Dolona

143 3521 301 3588 lnterimo:
313 3545 383 3614 non
398 3523 465 3586 ante
480 3536 591 3600 tamen,
607 3525 695 3607 quarn
709 3539 816 3588 cuncta
830 3524 915 3607 eo'e'gi
1051 3527 1115 3589 245
