2608 4218
168 378 231 447 14⁰
476 387 822 444 trarnnoarnosaon
917 359 927 376 '

166 533 338 615 Desertam,
354 537 470 621 placet3
491 539 671 624 Tatiumque
686 540 827 604 accedere
841 547 953 624 regno?
1075 543 1138 610 155

207 635 365 700 Occiderat
379 636 495 713 Tatius,
510 639 684 721 populisque
699 639 949 721 aquaeductus,
1076 642 1079 648 '

165 729 306 810 Romule,
318 732 384 816 jura
398 733 504 796 dabas:
523 735 625 817 'positia
636 736 705 798 cirm
719 735 832 797 casside
841 733 968 801 Mavors

165 826 287 890 Talibus
302 829 407 892 affatur
420 831 579 914 dirlirnque
595 832 804 915 hominumque
820 847 990 915 parentem:

166 921 319 1009 ‘Tempus
333 926 426 1002 adest,
442 928 565 1008 gen.itcr,·
582 927 733 1012 (quoniam
749 928 916 990 fundamine
932 949 1040 1012 magno

166 1019 234 1086 Res
246 1021 382 1104 Romana
398 1023 485 1100 valet,
501 1045 556 1088 occ
571 1025 692 1107 preside
707 1025 820 1107 pendet
832 1026 868 1088 ab
882 1025 960 1110 uuo)
987 1051 989 1057 ·
1075 1029 1136 1090 160

86 1172 89 1181 ,
166 1116 300 1195 Premia,
316 1141 378 1202 que
394 1121 534 1204 promissa
548 1120 620 1182 mihi
634 1121 782 1204 dignoque
797 1123 909 1205 nepoti,
962 1136 967 1141 “
1066 1133 1071 1140 ’

164 1215 299 1292 Solvere,
314 1230 344 1278 et
359 1216 488 1278 ablatum
502 1217 585 1278 terris
599 1217 750 1299 imponere
764 1219 853 1280 coelo.

165 1309 215 1373 Tu
231 1313 302 1374 mihi
316 1314 440 1376 concilio
456 1313 602 1397 quondam
618 1328 759 1398 presente
775 1315 908 1392 deomm,

169 1407 263 1494 (Nam
278 1431 419 1487 memoro,
433 1409 614 1494 memorique
629 1411 729 1472 animo
738 1411 791 1493 pia
807 1409 896 1473 verba
910 1411 1024 1497 nouat)

167 1506 285 1570 “Unus
297 1507 466 1591 erit,'quem
480 1521 512 1570 tu
527 1508 611 1570 tolles
626 1509 654 1569 in
668 1509 772 1594 corula
787 1507 887 1585 ooeti,”
913 1531 922 1544 ··
946 1529 950 1538 ¹
967 1509 969 1512 ’
1075 1509 1136 1571 165

166 1603 288 1668 Dixisti.
332 1603 413 1668 Rata
422 1605 463 1668 sit
478 1604 632 1668 verborum
646 1605 912 1668 summatuorum’

209 1700 324 1764 Annuit
337 1702 532 1785 mnnipmens
546 1716 577 1763 et
591 1701 716 1766 nubibus
729 1704 797 1763 aera
810 1702 901 1764 cacis.
932 1748 937 1758 ,

166 1796 317 1874 Occuluit,
333 1799 499 1882 tonitruque
515 1812 545 1860 et
559 1798 673 1879 fulgure
688 1799 789 1860 terruit
803 1798 929 1863 Urbem.

167 1893 244 1974 Qua
259 1894 312 1958 sibi
328 1896 476 1977 promissa
490 1896 580 1956 sensit
595 1896 662 1957 data
676 1894 756 1976 signa
771 1895 888 1977 rapinae,
929 1919 945 1939 -·

167 1990 462 2074 lunixusquehastae,
478 2011 592 2073 pressos
607 2004 724 2054 temone
738 2005 861 2054 cruento
915 2007 918 2012 ’
936 2035 948 2067 ·.
1077 1993 1136 2055 170

166 2087 335 2171 lmpavidus
348 2087 518 2154 conscendit
532 2107 625 2170 equos
638 2086 797 2163 Gradivus,
811 2101 842 2149 et
856 2087 916 2149 ictu
979 2109 981 2114 ’
1062 2097 1063 2102 ’

166 2181 307 2246 verberis
321 2185 482 2269 increpuit:
505 2185 690 2268 pronumque
703 2205 757 2268 per
771 2185 953 2268 conlapsus

167 2281 308 2345 Constitit
322 2284 350 2345 in
365 2305 482 2346 summo
495 2284 640 2346 nemorosi
655 2283 731 2344 colle
745 2282 859 2346 Palati:

167 2377 417 2464 Reddentcmquo
432 2402 486 2442 suc
496 2379 557 2464 jam
572 2381 652 2462 regia
662 2379 729 2463 jura
743 2378 853 2452 Quiriti

167 2477 296 2540 Abstulit
311 2476 433 2540 lliaden.
478 2477 596 2558 Corpus
611 2477 732 2538 mortale
748 2497 802 2558 per
817 2497 901 2537 auras
1076 2477 1137 2538 175

166 2573 324 2655 Dilapsum
339 2585 460 2634 tenues:
482 2592 538 2634 ceu
552 2571 614 2634 letti
627 2573 766 2654 plumbea
780 2570 872 2634 sunda

165 2667 259 2734 Missa
274 2670 348 2731 solet
362 2667 460 2730 medio
475 2669 557 2750 glans
571 2669 752 2732 intabescere
767 2670 856 2733 coelo.
881 2711 883 2718 ι

166 2767 296 2850 l'ulchra
310 2766 386 2828 subit
401 2765 501 2842 facies,
516 2780 546 2828 et
561 2766 759 2848 pulvinaribus
774 2767 838 2829 altis

167 2863 302 2946 Dignior,
316 2878 347 2926 et
362 2863 455 2948 qualis
469 2863 591 2926 trabeati
606 2863 699 2926 forma
712 2862 843 2937 Quirini.

209 2961 315 3026 Flebat
330 2977 363 3024 ut
377 2962 516 3024 amissum
530 2961 659 3046 conjux3
680 2961 749 3024 cirm
764 2963 843 3045 regia
856 2961 937 3028 Juno
1078 2960 1139 3024 teo

167 3059 226 3122 lrin
241 3059 278 3121 ad
293 3059 453 3136 Hersiliam
467 3060 647 3122 descendere
662 3060 754 3122 limite
769 3081 861 3122 curvo
939 3083 942 3136 ζ

165 3157 313 3240 imperat:
337 3171 368 3219 et
382 3179 482 3220 vacua
498 3177 551 3219 sua
564 3157 607 3220 sic
620 3157 759 3220 mandata
772 3156 890 3220 referre.

167 3254 216 3317 ⁴0
232 3268 262 3320 et
277 3253 315 3316 de
329 3253 427 3330 Latiri',
441 3277 461 3315 o
476 3267 506 3316 et
521 3253 661 3341 degente
677 3253 787 3315 Sabinis
832 3311 834 3318 ,

167 3351 366 3434 Praecipuum,
377 3365 523 3427 matrona,
538 3349 648 3426 decus;
670 3349 837 3432 dignissime
850 3349 924 3411 tanti

168 3450 249 3513 Ante
265 3447 353 3511 luisse
369 3447 432 3524 viri,
446 3446 556 3531 conjux
571 3467 650 3508 nunc
665 3465 729 3508 esse
745 3433 879 3522 Quirini}
991 3473 995 3482 ·
1081 3445 1141 3508 185

169 3547 246 3613 Siste
260 3561 326 3610 tuos
341 3545 444 3609 fletus:
468 3558 509 3621 et,
524 3545 547 3608 si
562 3543 614 3606 tibi
626 3565 699 3606 cura
713 3542 831 3608 videndi
965 3547 967 3550 ’
