2604 4216
490 391 840 446 murmurosum«

561 639 703 704 LlBER
725 639 768 703 ll.

490 868 721 912 rmrrrou'rrs
744 865 841 910 1038.

628 1048 706 1104 r.l.
789 1111 791 1116 ,

177 1227 276 1311 Regia
290 1228 368 1290 Solis
383 1240 446 1288 erat
460 1226 632 1290 sublimibus
647 1226 707 1288 alta
720 1225 876 1303 columnis,

177 1325 268 1389 Clara
282 1327 410 1388 micante
425 1345 506 1400 auro,
521 1324 715 1407 flammasque
729 1324 862 1386 imitante
877 1343 1011 1406 pyropo:

177 1417 275 1507 Cujus
290 1411 363 1484 ebur
377 1422 501 1483 nitidum
517 1420 630 1502 fastigia
643 1441 759 1482 summa
773 1421 910 1482 tenebat:

178 1520 303 1602 Argenti
318 1519 717 1582 bisores'radiabantlumine
733 1519 836 1580 valvae.

177 1617 336 1682 Materiem
352 1620 509 1702 superabat
522 1639 609 1702 opus,
624 1639 693 1682 nam
708 1617 858 1680 Mulciber
872 1617 931 1680 illic
1134 1619 1157 1679 5

178 1716 312 1799 AEquora
325 1717 453 1794 caelllrat,
467 1717 580 1778 medias
594 1716 742 1798 cingentia
757 1729 859 1791 terrae,

136 1867 138 1872 .
178 1813 398 1896 Terrarumque
413 1816 526 1889 orbem,
541 1815 724 1894 coelumque,
740 1814 819 1896 quod
834 1803 967 1875 imminet
981 1811 1054 1873 orbi.

177 1909 330 1972 Caeruleos
345 1912 435 1972 habet
449 1911 529 1970 nuda
539 1910 629 1984 deos;
652 1908 776 1971 Tritona
790 1931 941 1986 canorum,

177 2007 347 2092 Proteaque
362 2007 544 2088 ambiguum,
557 2007 795 2089 balaenarumque
810 2020 997 2090 prementem

177 2105 320 2186 AEgaeona
335 2105 394 2166 suis
409 2104 548 2166 immania
562 2117 644 2185 terga
659 2104 786 2180 lacertis,
1116 2108 1158 2169 10

177 2201 362 2286 Doridaque,
377 2217 407 2264 et
421 2216 522 2264 natas:
547 2221 669 2284 quarum
685 2223 752 2284 pars
767 2223 837 2264 nare
852 2201 999 2279 videntur,

177 2299 251 2362 Pars
266 2301 294 2362 in
310 2301 388 2362 mole
403 2301 510 2362 sedens
526 2299 632 2362 virides
647 2300 757 2362 siccare
772 2301 913 2382 capillos;

176 2397 264 2459 Pisce
281 2399 349 2459 vehi
365 2399 509 2480 quaedam.
555 2396 663 2458 Facies
677 2416 736 2458 non
753 2397 888 2458 omnibus
904 2419 975 2474 una,

177 2492 245 2556 Nec
260 2495 376 2556 diversa
390 2509 507 2556 tamen:
532 2494 649 2577 qualern
666 2494 753 2556 decet
768 2515 832 2555 esse
848 2515 991 2557 summm.

176 2591 271 2654 Terra
289 2592 375 2668 viros,
390 2592 537 2674 urbesque
552 2591 637 2673 gerit,
652 2589 811 2674 silvasque,
826 2590 972 2676 serasque,
1117 2597 1158 2656 15

176 2687 388 2772 Fluminaque,
402 2703 433 2750 et
447 2689 606 2772 nymphus,
621 2703 652 2750 et
666 2702 772 2750 caetera
787 2690 908 2752 numina
921 2691 1005 2753 ruris.

145 2838 148 2842 .
178 2785 252 2848 Haec
267 2807 356 2868 super
371 2786 508 2867 imposita
523 2799 567 2848 est
581 2785 651 2848 coeli
666 2785 805 2868 fulgentis
819 2787 934 2870 imago:

177 2883 327 2965 Signaque
342 2903 397 2944 sex
412 2881 520 2946 loribus
536 2883 659 2961 dextris,
674 2884 856 2968 totidemque
872 2886 1003 2948 sinistris.

219 2976 293 3051 Qut
308 2980 393 3042 simul
409 2980 522 3043 acclivo
538 2979 718 3064 Clymeneia
732 2982 824 3046 limite
841 2984 937 3066 proles

178 3074 280 3151 Venit,
296 3090 326 3138 et
341 3077 459 3140 intravit
474 3079 597 3141 dubitati
614 3094 692 3144 tecta
707 3083 856 3162 parentis;
1114 3083 1157 3146 20

176 3172 315 3235 Protinus
330 3175 368 3236 ad
383 3175 491 3258 patrios
506 3196 560 3236 sua
573 3175 628 3237 sert
643 3179 766 3258 vestigia
781 3179 898 3239 vultus:

177 3269 380 3355 Consistitque
396 3273 517 3353 procul:
541 3291 639 3354 neque
655 3274 734 3335 enim
750 3273 887 3356 propiora
900 3272 1013 3336 ferebat

176 3367 317 3432 Lumina.
363 3367 520 3451 Purpureai
534 3368 649 3430 velatus
665 3384 748 3433 veste
762 3371 885 3434 sedebat

177 3464 213 3528 In
228 3467 301 3528 solio
317 3463 462 3541 Phoebus,
476 3465 562 3527 claris
577 3465 696 3528 lucente
711 3466 882 3550 smaragdis.

176 3562 207 3626 A
222 3563 338 3642 dextri,
353 3561 487 3648 lavitque
504 3561 590 3642 Dies,
605 3577 637 3626 et
647 3563 777 3646 Mensis,
792 3579 823 3629 et
837 3565 956 3644 Annus,
1113 3565 1157 3630 25
