2608 4218
171 399 233 460 142
480 403 829 454 Meuanonrflosnort

170 553 211 618 Et
225 574 321 618 rerum
337 573 450 632 causas,
465 567 495 617 et
511 553 580 638 quid
595 567 707 630 natura,
722 552 866 616 docebat:
885 551 890 564 ⁴

169 653 254 727 Quid
268 653 341 715 deus
354 673 362 729 ;
384 651 463 714 unde
478 652 582 728 niues3
605 674 668 735 quae
684 645 810 713 fulminis
826 662 903 712 esset
917 648 1020 732 orig03
1105 653 1159 714 10·

169 750 296 834 Jupiter,
311 771 348 812 an
366 749 457 827 venti,
472 749 605 812 discussi
619 749 697 811 nube
713 759 846 810 tonarent
860 768 870 824 3
944 755 948 764 '

158 835 254 921 'Quid
270 862 404 932 quateret
419 855 530 923 terras3'
554 848 612 930 quia
627 847 721 909 sidera
735 846 802 931 lege
816 857 949 909 mearent
962 866 971 922 ;

170 941 211 1008 El
227 945 425 1029 quodcunque
438 945 520 1007 latet.
566 943 742 1026 Primusque
757 941 891 1005 animalia
907 941 1015 1004 mensis
1039 943 1042 950 “

170 1041 277 1124 Arguit
292 1041 420 1126 imponi:
445 1043 554 1125 primus
570 1061 688 1124 quoque
703 1039 808 1102 talibus
823 1061 873 1102 ora
927 1047 928 1052 ’
1034 1063 1036 1066 ·
1074 1121 1076 1126 ¹

169 1137 270 1201 Docta
285 1139 404 1222 quidem
419 1139 516 1215 solvit,
531 1137 585 1199 sed
600 1138 659 1199 non
674 1152 705 1200 et
716 1137 841 1214 eredita,
858 1135 970 1199 verbis:
1051 1155 1053 1162 ’
1104 1135 1146 1197 15

171 1233 318 1311 ‘Parcite,
333 1235 480 1314 mortales,
495 1234 618 1319 dapibus
634 1248 778 1299 temerare
793 1231 924 1298 nefandis

170 1329 315 1414 Corpora.
361 1332 437 1394 Sunt
452 1331 560 1414 fruges,
574 1346 643 1394 sunt
655 1330 832 1394 deducentia
846 1353 941 1394 ramos

171 1427 308 1492 Pondere
324 1451 412 1514 poma
426 1451 490 1506 suo,
506 1429 727 1514 turnidaequoin
741 1430 849 1492 vitibus
858 1419 945 1491 'uitet
1003 1495 1004 1498 ,

171 1526 247 1597 Sunt
261 1528 358 1590 lrerbae
374 1527 492 1590 dulces:
516 1539 594 1603 sunt,
611 1548 678 1612 quae
694 1527 848 1592 mitescere
864 1523 995 1602 flammis,

170 1623 341 1716 Mollirique
357 1639 475 1711 queant.
520 1624 587 1688 Nec
604 1625 685 1688 vobis
699 1626 810 1687 lacteus
827 1625 933 1686 humor
1083 1625 1148 1685 20

171 1721 313 1806 Eripitur,
328 1745 384 1786 nec
400 1724 489 1786 mella
503 1723 599 1807 thymi
614 1723 777 1786 redolentia
792 1722 906 1784 florem.
1126 1732 1129 1738 '

170 1817 299 1902 Pmdiga
314 1820 440 1897 divitias,
455 1821 651 1905 alimentaque
666 1820 747 1882 mitia
761 1820 848 1882 tellus
921 1829 924 1838 '
967 1827 971 1834 '

170 1915 324 1998 Suggerit:
348 1929 437 2000 atque
452 1917 555 2000 epulas
570 1918 633 1978 sine
646 1917 729 1978 caede
744 1930 774 1978 et
788 1916 930 1997 sanguine
945 1915 1066 1997 praebet.
1109 1945 1110 1950 ¹

171 2011 271 2075 Came
287 2011 352 2074 sere
368 2011 472 2074 sedant
482 2011 595 2097 jejunia
605 2033 611 2076 :
623 2023 625 2028 ’
635 2033 691 2075 nec
706 2003 806 2076 tamen
820 2033 934 2076 omnes

171 2106 296 2193 Quippe
310 2131 416 2194 equus,
432 2124 462 2172 et
476 2110 619 2194 pecudes,
627 2119 818 2194 armentaque
829 2109 959 2192 gramine
973 2110 1087 2174 vivunt.
1104 2111 1147 2174 25

170 2207 215 2269 At
229 2207 334 2292 quibus
348 2207 497 2290 ingenium
512 2222 556 2271 est
570 2202 869 2292 immansuetumque,
884 2207 1046 2292 ferumque,

170 2305 378 2389 Amneniaeque
394 2305 494 2388 tigres,
507 2305 705 2391 iracundique
712 2307 824 2382 leonae,
914 2301 916 2307 ⁴

171 2402 312 2487 Cumque
327 2403 403 2486 lupis
418 2403 487 2480 ursi,
502 2404 625 2487 dapibus
639 2425 708 2468 eum
723 2403 863 2484 sanguine
878 2401 1017 2484 gaudent.
1051 2403 1054 2412 ⁴

171 2497 241 2562 Heu
258 2513 399 2584 quantum
413 2501 509 2561 scelus
524 2513 578 2576 est,
592 2501 631 2561 ‘in'
640 2500 752 2562 viscera
766 2499 885 2561 viscera
894 2499 992 2576 condi,

171 2595 383 2679 Congestoque
399 2595 517 2660 avidum
533 2595 726 2678 pinguescere
741 2617 866 2678 corpore
879 2616 1007 2680 corpus;
1102 2594 1147 2656 30

173 2692 361 2776 Alteriusque
375 2691 554 2754 animantem
569 2690 722 2755 animantis
738 2694 837 2759 vivere
852 2694 932 2757 leto!
965 2683 970 2696 ’

171 2789 291 2872 Scilicet
306 2790 336 2851 in
351 2789 437 2853 tantis
452 2790 568 2873 opibus,
585 2811 656 2875 quas
671 2789 783 2874 optima
797 2806 922 2854 matrum
943 2795 945 2802 “

170 2885 265 2949 Terra
280 2886 366 2970 parit,
381 2887 422 2949 nil
437 2899 467 2950 te
483 2887 537 2958 nisi
552 2889 643 2952 tristia
657 2889 797 2951 mandere
812 2909 891 2950 sevo
1026 2875 1034 2904 ⁵

173 2983 305 3047 Vulnera
320 2985 409 3047 dente
420 2984 515 3069 juvat,
530 2986 661 3071 ritusque
676 2985 783 3048 referre
799 2985 991 3070 Cyclopum?

171 3079 249 3156 Nec,
264 3082 318 3144 nisi
333 3082 493 3166 perdideris
507 3085 608 3161 alium,
623 3085 740 3168 placare
757 3084 880 3160 voracis,
1103 3081 1147 3144 ³5

172 3178 213 3240 Et
228 3179 305 3240 male
321 3181 425 3260 morati
440 3181 549 3263 poteris
560 3181 673 3270 jejunia
691 3181 819 3243 ventris?

215 3276 257 3338 At
275 3289 357 3338 vetus
373 3277 421 3338 illa
437 3290 516 3354 etas,
530 3278 578 3340 cui
593 3268 716 3342 lechnus
732 3278 834 3340 Aurea
848 3297 968 3355 nornen,
1015 3351 1020 3358 ,

171 3371 308 3436 Foetibus
323 3372 461 3448 arboreis,
477 3388 518 3449 et,
535 3394 607 3457 quas
622 3375 729 3437 humus
745 3374 862 3450 educat,
877 3373 975 3436 herbis

172 3469 334 3534 Fortunata
349 3469 419 3532 fuit:
443 3491 499 3532 nee
515 3471 619 3552 polluit
632 3493 684 3533 ora
698 3492 811 3533 cruore.

172 3567 261 3631 Tune
275 3581 305 3631 et
321 3577 474 3633 aves'tutae
490 3567 611 3630 movbre
626 3587 680 3652 per
695 3572 762 3630 a'e'ra
777 3583 908 3650 pennas';
1105 3569 1149 3632 40
