2608 4218
561 397 669 454 menn
685 402 760 454 xm.
872 462 877 470 Ι
1088 348 1147 456 rer

176 555 360 643 Exspectata
374 557 436 633 diu,
450 555 540 633 nulla,
556 569 606 618 aut
620 553 763 618 contraria
776 551 872 628 classi,
944 566 949 574 ·

175 653 312 718 Flamina
325 667 410 718 sunt:
434 653 571 735 duraeque
583 651 689 737 jubent
704 651 930 732 Agamemnona
943 662 1036 710 sortes

174 751 356 816 immeritam
370 773 453 814 saevae
468 764 565 812 natam
582 763 710 812 mactare
726 748 842 810 Dianae.
1087 745 1147 810 185

174 848 314 931 Denegat
329 851 386 912 hoo
400 848 523 930 genitor,
539 847 671 930 divisque
687 845 818 908 irascitur
832 844 919 927 ipsis:

177 947 277 1030 Atque
292 947 321 1010 in
336 967 405 1028 rege
420 959 520 1008 tamen
536 959 621 1027 pater
635 957 690 1006 est.
736 941 804 1024 Ego
817 941 888 1006 mite
903 941 1031 1024 parentis

175 1043 328 1128 Ingenium
344 1033 440 1106 verbis
455 1043 492 1106 ad
507 1042 626 1126 publica
639 1039 795 1104 commoda
812 1039 895 1102 verti.
967 1049 970 1054 '

176 1141 263 1205 Nunc
279 1141 415 1226 equidem
431 1139 533 1217 fateor,
548 1139 684 1223 fassoque
699 1139 830 1222 ignoscat
846 1137 983 1234 Atrides;
999 1218 1001 1226 y
1071 1153 1073 1156 ·

175 1240 334 1304 Difficilem
349 1239 430 1302 tenui
445 1239 499 1302 sub
514 1239 613 1321 iniquo
623 1237 724 1324 judice
738 1259 868 1299 causam.
1088 1237 1149 1300 190
1252 1253 1256 1268 ¹

176 1335 266 1400 Hunc
281 1351 379 1400 tamen
394 1336 503 1398 utilitas
518 1335 631 1420 populi,
646 1334 812 1418 fratrisque,
828 1335 948 1419 datique
1159 1406 1162 1414 Ι

175 1435 299 1498 Summa
313 1447 412 1496 movet
427 1434 545 1515 sceptri,
561 1434 681 1495 laudem
696 1446 729 1495 ut
742 1454 810 1494 cum
826 1433 966 1514 sanguine
982 1445 1098 1516 penset.
1173 1477 1175 1480 .

176 1531 280 1594 Mittor
294 1545 324 1594 et
338 1532 374 1593 ad
383 1545 533 1593 matrem:
557 1551 620 1613 quae
635 1552 701 1592 non¹
710 1529 862 1605 hortanda,
877 1529 930 1591 sed
945 1543 1010 1592 astu

176 1628 363 1713 Decipienda
377 1625 441 1690 fuit.
485 1624 559 1699 Qun
574 1627 598 1689 si
612 1627 805 1689 Telamonius
821 1627 901 1702 isset,

175 1727 259 1788 Orba
273 1726 332 1788 suis
346 1737 444 1788 essent
460 1723 620 1786 etiamnum
636 1723 726 1784 lintea
742 1723 847 1785 ventis·
901 1767 904 1771 -
1089 1725 1151 1788 195

217 1822 367 1886 Mitteret
383 1818 486 1886 Iliacas
502 1820 599 1884 audax
614 1834 711 1883 orator
725 1819 760 1882 ad
777 1839 875 1884 arces:

114 1995 117 2000 Ι
176 1919 307 2003 Visaque
323 1933 353 1982 et
368 1919 471 1985 intrata
486 1932 530 1980 est
546 1919 610 1980 altae
626 1918 697 1980 mihi
711 1919 791 1981 curia
804 1917 915 2003 Trojae.

175 2015 328 2101 Plenaque
343 2017 441 2080 adhuc
456 2029 518 2078 erat
532 2015 581 2077 illa
598 2015 676 2100 viris.
721 2015 871 2078 Interritus
886 2015 944 2100 egi,

176 2102 277 2187 Quam
292 2114 363 2176 mihi
378 2114 532 2176 manderet
546 2112 711 2176 communis
727 2114 851 2191 Graecia,
866 2125 1003 2178 causam:
1066 2177 1068 2180 .

176 2212 354 2294 Accusoque
369 2209 470 2287 Parin,
486 2210 683 2293 predamque,
699 2209 907 2294 Helenamque
921 2232 1062 2295 reposco:

176 2305 217 2370 Et
231 2328 339 2370 moveo
352 2305 519 2386 Priamum,
530 2306 709 2391 Priamoque
725 2309 878 2370 Antenora
888 2308 1035 2394 junctum.
1087 2311 1146 2372 eol

176 2405 219 2467 At
235 2405 329 2482 Paris,
344 2419 375 2467 et
389 2403 502 2482 fratres,
517 2419 547 2468 et
562 2405 611 2490 qui
625 2407 749 2490 rapuere
764 2407 818 2468 sub
833 2407 893 2484 illo,

177 2501 238 2564 Vix
253 2503 375 2565 tenuere
390 2525 494 2566 manus
512 2503 582 2589 (sois
599 2504 666 2582 hoc,
683 2502 839 2591 Menelae')
857 2503 1014 2567 nefandas:

175 2599 334 2683 Primaque
348 2599 400 2663 lux
415 2601 504 2663 nostri
519 2615 617 2664 tecum
633 2601 686 2663 suit
701 2601 750 2684 illa
764 2603 877 2686 pericli.

184 2745 187 2750 .
217 2697 322 2779 Longa
337 2696 443 2759 referre
458 2720 540 2760 mora
555 2712 609 2774 est,
626 2720 690 2782 quae
704 2700 885 2784 consilioque
902 2721 1050 2784 manuque
1086 2701 1149 2764 ‘205
1171 2758 1173 2761 ,

175 2792 295 2857 Utiliter
308 2793 365 2854 seci
379 2794 497 2876 spatiosi
513 2809 646 2878 tempore
663 2795 742 2858 belli.

176 2891 249 2954 Post
264 2891 342 2953 acies
357 2891 476 2973 primas,
490 2892 569 2953 urbis
583 2914 615 2953 se
630 2894 776 2954 moenibus
795 2893 894 2955 hostes

176 2987 360 3079 Qontinuiere
376 2987 445 3063 diu;
467 3009 523 3050 nec
539 2989 631 3071 aperti
646 2989 733 3071 copia
747 2987 851 3052 Martis

177 3083 247 3149 Ulla
262 3084 333 3148 suit:
357 3084 473 3148 decimo
488 3086 607 3164 demum
623 3086 817 3170 pugnavimus
831 3108 919 3150 anne.
958 3112 962 3117 ·

176 3182 261 3256 Quid
276 3182 347 3246 lacis
362 3183 485 3260 interea,
501 3184 550 3268 qui
565 3184 605 3246 nil
621 3183 676 3246 nisi
691 3185 794 3268 proelia
808 3185 905 3248 nosti?
1085 3189 1149 3252 210

177 3279 254 3354 Quis
269 3294 336 3343 tuus
351 3303 421 3344 usus
436 3284 519 3345 erat?
564 3280 642 3346 Nam
660 3283 682 3345 si
698 3304 766 3345 mea
780 3283 856 3348 sacta
870 3283 999 3370 requiris,

178 3375 319 3441 Hostibus
333 3379 468 3442 insidior:
492 3379 582 3443 fossas
596 3381 756 3444 munimine
771 3383 874 3466 cingo:

177 3473 324 3540 Consolor
336 3477 441 3555 socios,
456 3493 489 3542 ut
503 3479 582 3562 longi
596 3479 681 3543 taedia
695 3479 766 3542 belli

436 3578 472 3637 ll
