2604 4216
586 380 693 435 LIBER
710 382 759 434 111.
1109 377 1151 443 41

180 523 293 596 Preter
306 552 409 617 aquas.
452 529 557 612 Unum
571 533 767 615 hoc-possum·
778 531 927 615 appellare
942 545 1108 615 paternum.

180 629 261 694 Mox
273 653 341 714 ego,
355 651 394 694 ne
409 630 538 713 scopulis
552 631 693 696 haererem
706 649 829 712 semper¹
837 629 868 692 in
882 627 987 706 isdem,
1093 632 1153 694 rto

181 726 322 794 Addidici
336 727 478 809 regimen,
493 726 600 790 dextri
613 726 794 800 moderante,
808 725 912 790 carine

181 821 337 886 Flectere:
362 836 392 885 et
406 822 521 886 Oleniae
536 823 615 886 sidus
628 822 757 906 pluviale
771 821 902 904 capelle,

181 918 410 1004 Taygetenque,
425 917 609 1003 Hyadesque
620 919 717 982 oculis
728 918 901 1001 Arctonque
916 918 1025 996 notavi,
1089 974 1091 978 .
1144 946 1147 958 ·

184 1013 409 1098 Ventorumque
423 1016 538 1094 domos,
548 1029 578 1077 et
592 1029 693 1106 portus
704 1015 853 1100 puppibus
865 1027 961 1102 aptos.
1036 1057 1039 1064 -
1092 1016 1153 1080 180

225 1110 317 1176 Forte
331 1125 436 1195 petens
451 1112 563 1189 Delon,
578 1112 644 1175 lie
658 1111 769 1180 telluris
783 1112 822 1174 ed
835 1133 901 1176 ores
1056 1133 1060 1139 ’

181 1207 337 1291 Applicor,
352 1221 382 1270 et
396 1208 506 1270 dextris
521 1208 651 1274 adducor
663 1209 759 1274 littora
773 1209 879 1274 remis:

182 1303 292 1390 Doque
306 1305 387 1368 leves
402 1306 509 1368 saluis:
532 1304 656 1390 udaeque
671 1306 777 1370 innitor
791 1327 896 1370 arene.

182 1400 255 1464 Noa
268 1401 319 1464 ubi
332 1415 507 1486 consumpta
521 1415 585 1480 est3
607 1402 722 1465 Aurora
735 1404 889 1468 rubescere
904 1403 1031 1487 primum

182 1496 344 1582 Coeperat:
368 1519 507 1581 exsurgo,
523 1499 804 1584 laticesque-'inserte
817 1515 955 1566 recentes
1027 1527 1034 1540 ·
1093 1501 1153 1564 185

181 1595 343 1658 Admoneo
351 1618 362 1674 ς
381 1609 570 1679 monstroque
585 1597 674 1674 viarm
689 1619 754 1680 que
768 1597 858 1662 ducet
872 1597 907 1660 ad
923 1597 1027 1661 undas.

181 1690 264 1774 lpse,
281 1692 350 1775 quid
365 1713 436 1754 aura
449 1693 521 1754 mihi
535 1693 650 1766 tumulo
663 1693 813 1776 promittat
827 1694 864 1756 ab
879 1693 950 1772 alto,
987 1721 990 1728 ·
1060 1745 1064 1750 .

181 1787 353 1871 Prospicio:
376 1788 558 1872 comitesque
574 1810 657 1866 roeo,
672 1802 833 1873 repetoque
847 1791 985 1854 carinam.
1016 1829 1026 1840 »-

182 1891 202 1921 “
212 1884 364 1948 Adsmnus
379 1885 450 1963 en,'’
465 1885 568 1970 inquit,
583 1885 729 1961 sociorum
741 1886 851 1970 primus
866 1885 1031 1971 Opheltes:

181 1977 285 2064 thue
300 1995 394 2065 putat,
404 1982 539 2066 predam
547 1982 664 2054 deserto
677 1995 780 2060 nectus
794 1983 825 2046 in
840 2005 919 2067 agro,
1092 1989 1153 2052 190
1197 1977 1207 1998 ”

183 2075 325 2159 Virginei
339 2099 464 2162 puerum
478 2079 560 2144 ducit
573 2101 626 2163 per
639 2081 736 2144 littora
749 2079 854 2146 sonui.
1144 2111 1145 2116 ¹

165 2161 169 2170 ’
225 2173 290 2251 llle,
304 2196 386 2237 mero
400 2197 563 2260 somnoque
578 2177 684 2258 gravis,
698 2178 822 2242 titubare
838 2177 971 2258 videtur3

184 2270 305 2354 Vixque
319 2272 413 2356 sequi.
458 2271 570 2355 Specto
582 2273 706 2350 cultum,
720 2272 896 2356 faciemque,
911 2275 1108 2359 gradumque:

183 2366 235 2430 Nil
249 2368 298 2445 ibi,
314 2369 393 2452 quod
407 2382 506 2452 posset
519 2369 603 2432 credi
614 2369 748 2446 mortale,
764 2369 911 2436 videbam.
984 2421 987 2428 .

184 2463 225 2527 Et
238 2467 326 2544 sensi,
341 2479 372 2528 et
386 2465 447 2530 dixi
461 2465 557 2544 sociis,
573 2465 695 2539 “Quod
709 2467 935 2530 numeninisto
1093 2472 1153 2534 195

183 2560 317 2645 Corpore
332 2563 369 2626 sit
383 2563 501 2626 dubito:
524 2563 577 2633 sed
591 2584 715 2647 corpore
729 2585 839 2628 numen
852 2565 884 2630 iu
899 2565 955 2628 isto
968 2580 1023 2630 est.

184 2657 327 2742 Quisquis
341 2680 384 2738 es,
399 2681 418 2722 o
432 2658 543 2737 faveas,
556 2661 720 2744 nostrisque
734 2662 881 2724 laboribus
890 2662 983 2726 adsis.

160 2817 162 2821 ,
184 2754 240 2818 His
255 2777 374 2841 quoque
387 2756 439 2820 des
454 2757 603 2826 veniam.''
648 2757 738 2821 “Pro
751 2759 836 2822 nobis
850 2760 935 2824 mitte
949 2757 1094 2844 precari,''
1124 2809 1132 2822 .

182 2853 291 2936 Dictys
306 2854 362 2916 ait:
387 2875 445 2938 quo
459 2875 518 2917 non
532 2854 605 2916 alius
619 2856 817 2931 conscendere
831 2877 960 2920 summas

180 2949 276 3014 Ocior
290 2963 442 3026 antennas,
457 2971 622 3033 prensoque
636 2951 760 3016 rudente
774 2953 876 3015 relabi.
1089 2956 1153 3018 200

183 3045 252 3110 Hoc
267 3045 372 3128 Libys,
387 3047 445 3108 hoc
460 3047 563 3123 flavus,
578 3067 670 3129 prore
685 3047 786 3125 tutele,
801 3045 982 3128 Melanthus,

183 3144 252 3210 Hoc
267 3145 372 3228 probat
386 3143 581 3208 Alcimedon:
604 3159 645 3224 et,
661 3145 710 3230 qui
723 3145 914 3232 requiemque
927 3145 1108 3233 modumque

183 3239 268 3306 Voce
283 3243 371 3306 dabat
385 3241 482 3320 remis,
498 3242 660 3306 animorum
674 3243 803 3308 hortator
816 3243 981 3329 Epopeus:

182 3338 251 3402 Hoc
266 3360 368 3402 omnes
383 3339 442 3402 alii.
486 3338 596 3403 Praedae
611 3354 671 3404 tarn
685 3361 764 3406 ceca
776 3343 886 3426 cupido
900 3356 956 3406 est.

183 3436 283 3500 “Non
297 3449 397 3500 tamen
411 3438 487 3502 hanc
502 3457 585 3502 sacro
599 3439 699 3502 violari
714 3439 843 3522 pondere
858 3440 961 3523 pinum
1088 3441 1152 3504 205

183 3533 368 3620 Perpetiar,''
383 3535 445 3598 dixi
454 3543 506 3675 z:
516 3557 583 3620 pars
596 3536 645 3600 hic
659 3537 731 3603 mihi
745 3537 875 3602 maxima
884 3536 991 3622 juris.’'

436 3635 458 3696 4
900 3671 904 3680 .
