2608 4218
472 637 856 714 ennomus.
943 751 946 754 Ι

582 871 769 888 m

534 1021 753 1086 uersuum
775 1021 802 1084 1.
856 983 859 992 ’

506 1212 674 1256 radamus
703 1212 826 1254 uersat.
866 1215 870 1224 '

183 1371 277 1436 Hmc
293 1371 345 1435 tua'
357 1371 512 1456 Penelope
526 1352 607 1435 lenlo
622 1373 674 1434 tibi
688 1372 786 1449 mittit,
802 1371 923 1456 Ulysse.

144 1516 150 1526 .
226 1469 277 1532 Nil
291 1469 362 1532 mihi
375 1471 563 1546 rescribasut
576 1483 686 1545 tamen,
701 1469 764 1551 ipse
781 1471 858 1531 veni.

182 1565 275 1650 Troja
286 1566 367 1650 jacet
381 1567 473 1643 certe,
489 1565 602 1628 Danais
617 1564 710 1626 invisa
724 1566 840 1648 puellis.

177 1704 184 1711 -
228 1661 291 1724 Vix
305 1661 441 1746 Priamus
455 1663 538 1736 tanti,
547 1655 673 1744 ¹totaque
687 1658 790 1744 ijo,
805 1659 869 1722 suit.

184 1756 316 1832 Quando
330 1779 387 1839 ego
401 1781 459 1820 non
475 1757 557 1821 timui
572 1745 702 1840 grauiora
717 1757 847 1840 pericula
862 1757 958 1820 veris?
1133 1757 1154 1822 5
1188 1813 1191 1818 .

227 1853 292 1916 Res
306 1868 351 1917 est
365 1854 478 1918 solliciti
492 1855 581 1938 plena
597 1854 706 1916 timoris
721 1875 812 1917 amor.

184 1949 218 2012 ln
233 1965 262 2013 te
277 1951 422 2033 fingebam
438 1951 581 2013 violentos
596 1949 691 2013 Troas
706 1951 812 2013 ituros:

227 2047 355 2112 Nomine
370 2050 399 2112 in
415 2048 565 2112 Hectoreo
579 2049 687 2134 pallida
701 2070 819 2132 semper
833 2070 924 2112 eram.

184 2145 254 2208 Slve
270 2145 333 2230 quis
349 2145 541 2208 Antilochum
555 2145 687 2208 narrabat
703 2145 740 2208 ab
755 2143 888 2208 Hectore
903 2147 1032 2224 victum3
1069 2219 1075 2228 .

226 2243 403 2306 Antilochus
418 2243 507 2304 nostri
522 2263 610 2303 causa
625 2242 735 2303 timoris
750 2255 829 2303 erat:
1115 2247 1157 2306 10

184 2338 254 2402 Sive
269 2338 473 2401 Menoetiaden
488 2337 565 2400 salsis
580 2336 720 2399 cecidisse
734 2338 789 2398 sub
804 2337 907 2415 annis3

143 2507 145 2512 .
164 2485 167 2494 .
226 2436 351 2498 Flebam
367 2457 502 2498 successu
520 2455 605 2518 posse
620 2456 720 2498 carere
735 2434 829 2498 dolos.
854 2507 862 2514 .

184 2531 331 2615 Sanguine
346 2533 540 2616 Tlepolemus
555 2531 680 2616 Lyciam
695 2531 877 2616 tepefecerat
891 2534 1004 2598 hastam
1016 2556 1025 2612 3

225 2630 395 2714 Tlepolemi
409 2631 468 2692 leto
482 2651 553 2692 cura
566 2643 673 2692 novata
686 2651 754 2692 mea
768 2643 824 2692 est.

183 2727 334 2812 Denique,
350 2727 477 2811 quisquis
492 2741 555 2788 erat
568 2727 668 2789 castris
679 2725 829 2812 jugulatus
845 2727 979 2806 Achivis
1115 2733 1154 2792 15

225 2825 373 2906 Frigidius
388 2823 481 2904 glacie
496 2837 601 2906 pectus
616 2823 739 2886 amantis
754 2839 827 2902 erate

184 2921 245 2984 Sed
260 2922 336 2982 bene
351 2920 496 2981 consuluit
510 2933 591 2981 casto
606 2919 678 2981 deus
694 2942 794 3003 aquus
809 2921 910 2982 amori.

227 3016 324 3078 Versa
337 3029 382 3077 est
397 3015 425 3077 in
441 3014 569 3096 cinerem
585 3015 694 3097 sospite
708 3015 801 3100 Troja
817 3016 887 3078 viro.
900 3061 913 3087 1,

186 3113 315 3196 Argolici
330 3113 443 3175 redidre
460 3112 550 3174 duces
562 3123 572 3173 ι’
592 3111 693 3174 altaria
707 3111 835 3175 sumant:

225 3211 350 3274 Ponitur
364 3209 400 3271 ad
418 3209 525 3292 patrios
540 3209 665 3286 barbara
676 3209 774 3292 praeda
788 3210 870 3274 deos.
937 3236 941 3241 ’
1112 3216 1154 3278 20

184 3308 276 3370 Grata
290 3307 385 3370 lerunt
401 3305 551 3388 Nympha
567 3327 621 3388 pro
635 3307 720 3368 salvis
735 3306 813 3369 dona
826 3308 952 3372 maritis:

227 3404 272 3466 llli
287 3405 364 3468 victa
377 3403 437 3464 suis
451 3402 544 3480 Troia
558 3401 617 3464 sata
630 3417 749 3465 canunt.

187 3499 329 3564 Mirantur
339 3499 467 3583 justique
482 3521 578 3578 senes,
594 3499 773 3585 trepidaque
788 3501 910 3584 puellae:

228 3595 376 3660 Narrantis
391 3595 500 3680 conjux
515 3595 626 3679 pendet
640 3597 676 3658 ab
690 3619 740 3660 ore
756 3598 819 3660 viri.
