2604 4216
594 375 708 427 urrun-
719 375 741 424 1.
1110 360 1148 428 17

181 525 288 590 Hostes
302 547 428 610 quaeque
442 547 520 590 suos.
564 527 660 588 Amor
674 539 721 588 est·
733 525 805 586 mihi
818 544 907 586 causa
921 522 1074 607 sequendi.

179 621 233 685 tte
247 624 387 686 miserum
398 624 465 686 tne
480 642 575 706 prona
586 623 685 698 cadas,
701 622 856 704 indignave
870 621 935 685 ledi
985 687 987 690 ,

180 719 275 784 Crura
288 734 519 796 secent-sentes,
541 732 573 782 et
587 720 642 781 sim
654 719 708 782 tibi
722 741 812 784 causa
827 718 941 780 doloris.
1032 781 1033 788 ,

180 819 305 902 Aspera,
322 819 382 902 qua
396 837 546 902 properas,
561 819 629 882 loca
639 830 717 880 sunt„
761 815 952 904 Moderatids,
967 837 1029 894 oro,

180 914 285 992 Curre,
300 915 460 998 fugamque
472 915 588 977 inhibe:
610 913 786 982 moderatius
801 913 937 996 insequar
951 913 1024 995 ipse.
1059 947 1061 958 =

93 1017 99 1024 '
180 1013 239 1077 Cui
254 1015 381 1096 placeaS,
391 1013 508 1097 inquire
523 1026 633 1074 tamen.
653 1033 661 1046 “
678 1010 748 1087 Non
762 1011 857 1073 incola
870 1011 988 1087 montis,
1069 1053 1072 1058 -

180 1107 248 1172 Non
264 1132 320 1191 ego
335 1132 399 1172 sunr
415 1124 611 1193 pastor2n0n
625 1108 674 1170 hic
689 1121 830 1184 annenta,
844 1127 987 1190 gregesve

180 1205 323 1272 Horridus
338 1208 471 1282 observo.
516 1205 631 1282 Nescis,
645 1205 810 1280 temeraria,
825 1205 924 1268 nescis
1086 1206 1150 1270 465

180 1301 283 1376 Quem
298 1303 391 1386 fugias
400 1326 415 1366 :-
430 1304 555 1387 ideoque
569 1303 654 1384 fugis.
678 1359 680 1364 ,
698 1301 775 1372 Mihi
790 1301 940 1384 Delphica
954 1302 1051 1379 tellus,

179 1399 221 1463 Et
230 1399 352 1477 Claros,
367 1416 397 1464 et
411 1401 563 1476 Tenedos,
578 1399 769 1483 Patareaque
783 1400 869 1481 regio
877 1400 977 1462 servit.

178 1497 296 1580 Jupiter
309 1512 353 1560 est
368 1498 490 1579 genitor.
534 1496 596 1558 Per
609 1517 673 1574 me,
685 1496 763 1580 quod
779 1497 902 1606 eritque,
917 1496 1041 1608 fuitque,

180 1593 304 1678 Estque,
320 1609 418 1677 patet:
442 1617 497 1678 per
511 1616 560 1659 rne
574 1594 754 1656 concordant
766 1594 894 1656 carmina
907 1594 1016 1655 nervis.

179 1689 271 1754 Certa
287 1691 406 1776 quidem
421 1706 519 1754 nostra
533 1705 594 1753 est.
617 1689 828 1752 nostratamen
845 1711 903 1752 une
916 1688 1022 1772 sagittri
1088 1689 1155 1754 470

165 1787 329 1865 Certior,
322 1811 350 1850 rn
367 1810 461 1852 vacuo
476 1811 540 1872 quae
555 1788 680 1850 vulnera
688 1801 807 1872 pectore
822 1786 902 1850 lecit

180 1886 336 1948 Inventum
351 1886 496 1948 medicina
510 1907 609 1948 meum
625 1899 687 1962 est;
709 1883 859 1968 opiferque
874 1907 928 1968 per
940 1885 1045 1948 orbern.

180 1983 273 2048 Dicor
282 2006 291 2061 ;
313 1997 348 2045 et·
357 1984 511 2046 herbarum
524 1983 658 2067 subjecta
672 1983 803 2065 potentia
818 1983 912 2047 uobis.
935 1990 937 1996 ⁴

179 2081 239 2144 Hei
254 2081 335 2158 mihi,
351 2081 429 2164 quod
443 2081 528 2144 nullis
544 2101 625 2143 arnor
639 2093 683 2142 est
697 2080 877 2144 medicabilis
892 2080 1005 2142 herbis:

179 2177 246 2250 Nec
261 2192 381 2262 prosunt
395 2178 524 2254 dominc,
533 2168 604 2260 'quae
618 2191 739 2260 prosunt
753 2177 899 2253 omnihus,
914 2190 990 2238 artes
1000 2176 1019 2239 !'
1086 2178 1152 2241 475

179 2277 268 2340 Plura
283 2277 449 2338 locutunrnr
463 2275 565 2338 timido
580 2275 695 2336 Peneia
708 2295 794 2335 cursu

116 2375 119 2382 ’
179 2373 207 2437 F
208 2376 287 2456 ugit3
309 2395 436 2458 curnque
452 2374 516 2457 ipso
530 2373 620 2434 verba
633 2371 804 2454 imperfecta
818 2370 945 2453 reliquit.

220 2463 265 2534 Ut
279 2473 359 2534 canis
374 2472 402 2534 in
418 2493 512 2538 vacuo
527 2471 661 2554 leporem
673 2463 742 2542 clun
757 2467 890 2530 Gallicus
906 2489 976 2532 arvo

182 2569 263 2632 Vidit
272 2591 281 2646 ;
303 2583 333 2631 et
348 2570 395 2632 hic
410 2569 539 2652 predam
554 2568 678 2652 pedibus
693 2567 777 2650 petit,
791 2566 842 2628 ,ille
857 2567 999 2628 salutern:

181 2667 265 2728 Alter
278 2667 421 2738 inhaesuro
435 2667 544 2742 similis,
555 2664 750 2750 jamjamque
765 2678 866 2726 tenere
927 2719 933 2724 .
1086 2661 1152 2728 480

179 2765 295 2848 Sperat,
310 2778 340 2826 et
355 2775 476 2826 extento
489 2763 602 2844 stringit
618 2762 739 2843 vestigia
752 2776 861 2846 rostro:

138 2881 143 2885 ·
180 2862 264 2924 Alter
279 2862 307 2922 in
322 2853 466 2942 ambiguo¹
473 2876 528 2936 est,
544 2882 580 2921 an
594 2861 631 2922 sit
646 2859 817 2942 deprensus,
832 2871 863 2921 et
877 2858 947 2940 ipsis
960 2903 962 2908 -
1033 2915 1042 2924 ,

178 2958 326 3022 Morsibus
342 2957 472 3039 eripitur,
486 2957 692 3042 tangentiaque
707 2977 757 3016 ora
771 2955 924 3039 relinquit:

178 3056 227 3118 Sic
242 3057 326 3132 deuS,
341 3069 370 3116 et
386 3055 467 3134 virgo
482 3066 545 3114 est:
568 3053 620 3114 hic
632 3073 685 3134 spe
699 3052 788 3127 celer,
804 3052 855 3116 illa
866 3052 979 3115 timore.

179 3154 242 3227 Qui
257 3168 355 3216 tamen
372 3152 544 3234 insequitur,
559 3151 663 3234 pennis
678 3149 794 3233 adjutus
808 3149 931 3214 Amoris
1086 3153 1153 3222 tea

178 3252 270 3314 Ocior
283 3265 337 3327 est,
353 3250 542 3333 requiemque
559 3262 662 3338 negat:
685 3262 825 3331 tergoque
840 3246 938 3330 fugaci

179 3349 334 3424 lmrninet3
356 3363 386 3412 et
401 3347 512 3410 crinem
527 3368 658 3430 sparsum
672 3345 834 3411 cervicibus
848 3345 938 3409 afflat.

223 3446 340 3509 Viribus
355 3445 494 3508 absumtis
509 3445 651 3528 expalluit
665 3445 730 3507 illa:
753 3444 876 3525 citaeque

181 3543 269 3610 Victa
282 3545 380 3606 labore
395 3542 483 3624 fugae,
496 3540 796 3624 spectans-Peneidas
811 3539 915 3614 undas,

476 3640 523 3700 2*
