2608 4218
192 351 252 426 ιιι
618 359 728 410 ruam.

189 507 253 572 Sex
266 508 393 586 Remus,
408 509 456 571 liic
470 509 603 571 volucres
616 509 660 572 bis
674 527 729 572 sex
745 507 825 570 videt
838 506 940 570 ordine
949 511 1067 592 :paeto

230 607 345 670 Status:
368 620 399 669 et
412 605 568 668 arbitrium
576 605 723 676 Romulus
736 605 819 667 urbis
828 605 928 666 habet.
1115 605 1164 668 90

188 704 271 787 Apta
285 704 347 766 dies
361 703 476 785 legitur,
489 703 551 786 qud
564 703 674 766 maenia
687 703 781 784 signet
795 705 900 764 nano.
979 737 982 742 .
1073 715 1076 718 ’

228 793 320 862 Sacra
333 798 413 862 Palis
427 799 565 864 suberant
574 820 589 860 :¹
605 799 674 860 inde
688 811 823 862 movetur
837 819 923 880 opus.

188 894 262 958 Inde
276 917 415 978 premens
429 897 534 959 stivam
548 895 681 976 designat
695 895 804 959 maenia
817 894 917 956 sulco:

230 992 332 1054 Alba
319 1013 425 1077 jugum
439 993 527 1056 niveo
540 991 608 1055 cum
625 993 703 1054 bove
717 1012 806 1054 vacca
824 991 899 1052 tulit.

189 1085 260 1150 Vox
274 1087 328 1151 fuit
342 1089 404 1151 hac
419 1087 529 1170 Regis:
553 1087 732 1164 ‘condenti
747 1087 880 1170 Jupiter,
890 1087 1027 1164 urbem,
1072 1088 1158 1176 .95

230 1174 272 1246 Et
284 1185 400 1267 genitor
413 1183 545 1262 Mavors,
556 1183 713 1268 Vestaque
728 1195 831 1260 mater,
847 1184 934 1247 edes:
1121 1213 1126 1222 ι

179 1277 376 1364 'Quosque
348 1303 429 1364 prum
444 1294 489 1343 est
503 1281 641 1343 adhibere
656 1280 738 1356 dece,
753 1280 895 1342 advertite
910 1279 1026 1342 cuncti:

128 1391 130 1400 ¹
230 1377 410 1460 Auspicibus
424 1378 506 1440 vobis
520 1378 578 1440 hoc
592 1377 664 1439 mihi
678 1391 778 1458 surgat
790 1397 876 1461 opus.
910 1402 914 1408 ’-

187 1472 293 1556 Longa
306 1474 343 1537 sit
358 1474 426 1536 huie
440 1487 518 1552 etas,
533 1474 716 1558 dominaque
730 1475 975 1557 potentiamne:
1015 1504 1017 1513 ·
1062 1513 1065 1520 ,

230 1571 333 1657 Sitque
348 1572 403 1634 sub
417 1571 474 1634 haic
488 1572 583 1634 oriens
597 1571 797 1654 occiduusque
811 1569 897 1634 dicul
936 1563 939 1565 ’
1011 1632 1013 1638 ,
1082 1571 1158 1632 ’100

188 1664 242 1730 Ille
257 1667 439 1751 precabatur.
482 1667 607 1731 Tonitnr
623 1667 703 1730 dedit
717 1668 814 1730 omina
827 1668 901 1730 laevo

228 1764 363 1848 Jupiter:
386 1779 416 1828 et
430 1767 504 1828 levo
518 1764 638 1828 fulmina
652 1765 743 1828 missa
754 1764 833 1848 polo.

187 1860 321 1942 Augurio
335 1861 415 1924 laeti
402 1863 516 1945 jaciunt
531 1861 743 1926 timdarnina'
717 1881 817 1938 crves3

229 1955 272 2020 Et
285 1979 380 2018 novus
395 1958 504 2038 exiguo
517 1971 652 2040 ternpore
666 1979 767 2021 murus
782 1970 855 2020 erat.

140 2097 143 2104 ·
188 2051 257 2115 Hoc
271 2051 362 2115 Celer
374 2067 460 2134 urget
474 2073 559 2135 opus,
575 2073 664 2136 quem
679 2052 848 2116 Ronmlus
841 2043 904 2136 ipse
921 2051 1058 2130 vocatam
1084 2052 1158 2116 105

230 2149 383 2233 ‘Sintque‚
398 2148 500 2226 Celer,
514 2150 622 2227 curae‚'
627 2150 758 2228 tinxerat.
768 2150 840 2214 ‘ista
853 2149 932 2213 tue?

184 2244 275 2309 Neve
292 2247 355 2329 quis
369 2260 420 2309 aut
435 2266 544 2324 muros,
559 2246 731 2311 autlaotam
745 2267 865 2310 vomere
880 2245 986 2310 fossant
1077 2272 1079 2276 ’

227 2342 390 2407 Transeat:
414 2345 573 2406 audentem
586 2344 656 2408 talia
669 2343 746 2406 dede
760 2345 837 2408 necin

188 2437 280 2512 Quod
295 2438 411 2502 Remus
425 2441 569 2522 ignorans,
586 2441 712 2503 humiles
726 2455 916 2506 contemnere
930 2461 1028 2502 muros

118 2553 120 2560 ’
229 2533 350 2617 Coepit:
374 2549 414 2611 et,
431 2535 506 2600 ‘His
520 2537 667 2619 populus‚'
683 2537 791 2614 dicere,
807 2540 905 2604 ‘tutus
921 2537 974 2600 erit
983 2536 1006 2599 ι’
1097 2539 1159 2600 110

180 2628 254 2691 ,Nec
269 2651 359 2707 mora,
374 2631 525 2695 transiluit.
546 2689 547 2692 ,
570 2629 667 2696 Rutro
681 2632 773 2696 Celer
786 2649 913 2719 occupat
927 2655 1040 2696 ausum.
1071 2665 1079 2686 x

229 2725 283 2788 Ille
298 2728 405 2811 premit
419 2728 522 2792 duram
536 2729 775 2812 sanguinolentus
789 2732 923 2795 humum.
976 2785 978 2790 .

188 2823 262 2886 Haec
277 2825 326 2887 ubi
341 2824 413 2888 Rex
427 2826 539 2905 didicit,
554 2828 698 2912 lacrymas
712 2829 849 2892 introrsus
863 2816 978 2892 obortas

225 2919 372 3000 Devorat,
387 2938 418 2987 et
431 2921 564 2988 clausurn
578 2939 698 3008 pectore
713 2927 818 2990 vulnus
832 2927 930 2994 habet.

108 3031 113 3042 ¹
187 3017 275 3080 Flere
290 3020 387 3102 palam
401 3041 461 3084 uon
475 3023 548 3099 vult,
562 3023 761 3108 enemplaqne
776 3023 862 3087 sortia·
872 3036 987 3088 servat:
1096 3025 1158 3086 115

229 3115 356 3199 ‘Sioque
371 3139 453 3180 meos
469 3139 567 3182 muros
581 3134 710 3184 transeat
724 3122 834 3200 hostis,’
850 3123 900 3184 ait.
946 3138 956 3146 ”
1046 3139 1052 3144 “

143 3297 145 3305 Α
177 3210 250 3274 ‘Dat
264 3224 362 3274 tamen
377 3217 549 3300 exsequias:
573 3237 629 3281 nec
640 3218 702 3303 jam
717 3218 896 3302 suspendere
911 3217 1015 3282 fletum

228 3307 378 3384 Sustinet3
401 3325 431 3372 et
445 3313 538 3392 pietas
553 3314 732 3378 dissimulata
747 3328 839 3397 patet.

187 3404 357 3489 Osculaque
372 3406 512 3489 applicuit
526 3409 622 3490 posito
636 3432 773 3494 suprema
787 3411 910 3478 feretro:

228 3502 331 3587 Atque
346 3503 402 3566 ait:
426 3510 434 3540 ‘
444 3501 540 3566 Invitd
556 3503 643 3568 frater
656 3507 805 3591 adempte,
823 3509 908 3572 vale?
1016 3516 1038 3594 Ἰ
1095 3508 1157 3572 12⁰
