2608 4218
586 381 692 438 maan
715 381 760 439 XI.
1092 377 1151 441 107

186 529 267 596 Huic
280 553 350 596 cum
366 527 532 617 pignoribus
548 534 663 610 domus,
679 549 709 597 et
723 533 800 619 quod
815 536 922 618 cuique
937 533 1072 598 reiictum
1085 548 1140 598 est.

185 627 342 714 Halcyone
357 629 463 713 Ceyca
476 645 593 696 movet:
617 631 729 715 Ceycis
744 633 834 696 inore
882 643 897 688 ’.
1022 648 1024 652 ’
1092 633 1149 694 181

185 725 277 790 Nulla
289 727 344 790 nisi
359 725 516 810 Halcyone
531 741 592 790 est:
616 741 656 805 et,
671 730 739 792 edm
754 728 899 790 desideret
913 749 1029 808 unam,
1153 727 1155 732 ’

185 819 304 886 Gaudet
318 823 422 887 abesse
435 838 546 888 tamen.
591 825 696 888 Patriae
712 843 828 908 quoquc
843 825 932 886 vellet
947 824 983 886 ad
1002 845 1066 888 oras
1141 843 1146 850 ·

184 915 358 1002 Respicere,
373 921 462 1004 inque
477 921 597 985 domum
612 937 763 1004 supremos
779 935 892 982 vertere
908 921 1013 982 vuitus.

185 1013 299 1078 Veriun
314 1017 364 1079 nbi
377 1018 414 1079 sit
427 1019 531 1082 nescit.
575 1017 675 1080 Tanti
691 1018 831 1099 vertigine
847 1019 955 1100 pontus
1052 1011 1055 1016 ⁸
1092 1017 1151 1078 185

184 1108 312 1175 Fervet:
335 1127 366 1176 et
379 1114 499 1176 induent
511 1114 603 1196 piceis
618 1133 635 1174 e
650 1114 775 1176 nubibus
794 1112 899 1176 umbri

183 1205 283 1274 Omne
297 1210 368 1273 latet
382 1207 508 1274 coelum:
531 1211 736 1293 duplicataque
751 1210 844 1272 noctis
858 1210 955 1290 imago
969 1221 1023 1270 est.
1073 1237 1076 1242 ¹

226 1301 383 1388 Frangitur
396 1308 513 1370 incursu
527 1307 651 1368 nimbosi
666 1306 786 1368 turbinis
801 1307 902 1367 arbos:

183 1396 340 1482 Frangitur
353 1415 383 1464 et
397 1401 542 1483 regimen:
563 1403 721 1485 spoliisque
735 1403 865 1464 animosa
879 1413 1047 1484 superstans

183 1493 284 1572 Unda,
299 1497 381 1559 velut
397 1498 652 1574 victrix,.sinuatas
667 1498 791 1580 despicit
805 1497 908 1562 undas.
931 1567 933 1572 ¹
1093 1498 1155 1559 190

184 1589 251 1654 Nec
265 1593 370 1668 levius,
385 1595 472 1676 qnam
488 1594 513 1655 si
528 1594 591 1676 quis
606 1594 720 1669 Athon,
734 1593 915 1677 Pindumve,
927 1578 1061 1658 revui'soa

184 1687 264 1750 Sede
279 1688 343 1764 sub,
357 1703 433 1750 totos
448 1689 477 1750 in
492 1703 626 1771 apertum
641 1690 776 1752 everterit
791 1707 898 1771 equor,

184 1781 371 1866 Precipitata
385 1785 458 1846 ruit:
481 1785 647 1868 pariterque
662 1798 693 1847 et
707 1785 838 1868 pondere
852 1799 882 1846 et
897 1785 955 1847 ictu

105 1921 109 1926 ·
183 1878 293 1962 Mergit
308 1880 337 1942 in
352 1882 411 1946 ima
423 1894 534 1944 ratem:
556 1903 625 1943 cum
638 1881 697 1964 quai
710 1903 777 1964 pars
792 1901 898 1962 magna
912 1881 1038 1944 virorum

184 1975 307 2059 Gurgite
322 1999 422 2060 pressa
435 1979 635 2061 graviusque
650 1978 679 2040 in
694 1981 762 2040 aera
776 1978 901 2054 reddita,
917 1977 976 2040 t‘ato
1093 1979 1153 2042 195

184 2070 301 2138 Puncta
314 2097 367 2136 suo
382 2089 436 2138 est.
481 2075 543 2138 Alii
557 2090 653 2158 partes
668 2089 698 2137 et
714 2075 845 2137 membra
858 2075 963 2137 carina:
1004 2133 1007 2146 ,

183 2167 304 2232 Trunca
318 2177 429 2233 tenent.
473 2170 573 2233 Tenet
587 2171 649 2253 ipse
664 2193 764 2248 manu,
779 2171 839 2253 quia
852 2185 969 2253 sceptra
983 2171 1105 2248 solebat,

184 2260 343 2348 Fragmina
357 2267 464 2348 navigii
477 2259 579 2349 Ceyx,
594 2287 787 2348 socerumque
804 2281 975 2350 patremque

183 2361 306 2426 Invocat
322 2361 396 2448 (heu
407 2362 431 2448 i)
448 2362 560 2424 frustra.
605 2363 665 2424 Sed
682 2363 805 2445 plurima
820 2362 914 2424 nantis
929 2363 958 2424 in
976 2383 1027 2424 ore

184 2458 340 2542 Halcyone
355 2460 475 2544 conjux.
504 2458 603 2522 'Illam
617 2460 809 2544 meminitque
824 2458 988 2544 refertque:
1091 2457 1155 2520 200

183 2553 264 2617 Illius
279 2569 347 2617 ante
362 2557 462 2618 oculos
477 2569 510 2618 ut
523 2570 611 2638 agant
625 2577 678 2621 sua
692 2577 815 2639 corpora
829 2556 947 2632 fluctus,

183 2650 296 2734 Optat;
318 2665 349 2714 et
363 2653 505 2714 exanimis
520 2653 653 2716 manibus
667 2653 828 2714 tumuletur
841 2653 953 2716 amicis.
1004 2665 1007 2672 “

184 2747 266 2810 Dum
282 2761 380 2823 natat3
402 2749 564 2824 absentem,
579 2751 692 2832 quoties
706 2750 773 2810 sinit
788 2749 901 2812 hiscere
917 2749 1033 2826 fluctus,

184 2843 326 2906 Nominat
341 2843 527 2925 Halcyonen,
542 2845 670 2927 ipsisque
685 2846 884 2906 immurmurat
898 2846 994 2908 undis.

184 2939 268 3001 Ecce
283 2960 372 3021 super
386 2939 498 3000 medios
512 2939 618 3000 fluctus
631 2941 715 3020 niger
729 2961 964 3022 arcusaquatum
1091 2944 1154 3006 205
1198 2985 1202 2992 ·

185 3035 359 3119 Frangitur:
383 3051 413 3098 et
427 3037 514 3119 rupti
528 3057 655 3098 mersum
670 3051 760 3120 caput
773 3038 868 3100 obruit
882 3033 985 3128 undat„

185 3133 307 3197 Lucifer
320 3133 472 3209 obscurus,
487 3154 542 3201 uec
558 3153 645 3217 quem
660 3155 837 3216 cognoscere
852 3157 962 3218 posses,

186 3229 241 3292 lut
254 3244 342 3292 nocte
358 3229 427 3292 suit:
450 3230 648 3313 quoniamque
663 3231 809 3293 excedere
824 3230 957 3318 Olympo

187 3323 256 3388 Non
271 3326 362 3402 licuit,
378 3326 474 3388 densis
488 3326 564 3389 texit
579 3347 632 3388 sua
645 3328 769 3390 nubibus
782 3348 844 3390 ora.

230 3421 324 3484 AEolis
339 3423 449 3486 interea
463 3437 609 3486 tantorum
623 3424 722 3506 ignara
738 3425 880 3488 maiorum
1092 3430 1155 3491 210

188 3515 364 3580 Dinumeret
378 3533 497 3582 noctes:
520 3519 634 3604 etjam,
650 3542 721 3605 quas
736 3522 836 3584 induat
850 3523 899 3585 ille
