2604 4216
570 349 678 402 utana
698 351 732 402 11.
1092 327 1136 406 29
1173 347 1177 354 ’

166 499 382 584 Virgineusque
396 499 535 577 Helicon,
551 517 580 562 et
595 487 725 563 nondum
739 500 879 582 (Eagtius
894 498 1024 563 Hemos.

166 599 260 662 Ardet
273 599 304 660 in
318 598 494 660 immensum
508 598 662 679 geminatis
677 598 791 679 ignibus
805 597 908 673 lEtne,

166 693 386 778 Pamassusque
399 695 511 778 biceps,
527 707 557 756 et
567 693 670 776 Eryx,
685 705 716 756 ct
730 693 881 776 Cynthus,
895 707 925 756 et
939 693 1064 776 Othrys,

166 789 209 854 Et
222 792 342 854 tandem
357 789 507 874 Rhodope
521 791 636 854 nivibus
651 791 785 866 caritura,
798 789 977 873 Mimasque,
1073 791 1132 852 221

166 887 389 971 Dindymaque,
404 901 434 950 et
448 885 581 970 Mycale,
595 901 739 969 natusque
754 887 791 949 ad
806 907 887 949 sacra
901 887 1061 949 Cithaemn.
1146 966 1150 974 .

166 983 234 1047 Nec
248 997 369 1068 prosunt
384 983 513 1066 Scythia
528 1005 581 1046 sua
592 983 713 1066 frigora:
737 982 889 1046 Caucasus
905 983 998 1061 ardet,

166 1081 302 1164 Ossaque
317 1095 386 1144 cum
400 1080 508 1157 Pindo,
522 1079 672 1164 majorque
688 1073 828 1142 amhoh‘us
842 1078 1008 1164 Olympus:
1073 1078 1076 1086 ’

166 1177 324 1260 Aeriaeque
340 1177 446 1260 Alpes,
461 1190 494 1239 et
506 1175 620 1240 nubifer
632 1176 821 1264 Apenninus,
922 1235 925 1240 .
1075 1179 1137 1240 225

209 1274 298 1336 Tunc
313 1273 383 1336 verh
397 1272 555 1337 Pha'e'thou
570 1273 682 1337 cunctis
698 1295 715 1336 e
731 1274 859 1356 partibus
874 1274 975 1337 orbem

167 1369 305 1454 Adspicit
319 1393 492 1434 accensum:
514 1393 570 1433 nec
585 1383 681 1433 tantos
696 1371 818 1441 sustinet
832 1385 933 1434 aestus:

167 1464 390 1551 Perventesque
406 1488 499 1546 auras,
515 1460 596 1530 velut
611 1490 628 1530 e
643 1467 760 1531 fornace
775 1467 928 1553 profundi,

167 1564 230 1627 Ore
245 1565 343 1643 trahit,
357 1586 516 1648 currusque
531 1549 599 1627 suos
613 1565 790 1628 candescere
805 1567 904 1628 sentit.

168 1659 211 1725 Et
220 1683 323 1745 neque
334 1661 397 1745 jam
411 1663 524 1724 cineres
538 1661 755 1745 ejectatamque
769 1661 897 1724 favillam
1078 1665 1140 1726 230
1194 1701 1198 1708 ·

168 1758 260 1822 Ferre
275 1772 390 1843 potest:
413 1758 567 1842 calidoque
582 1759 739 1820 involvitur
752 1758 881 1841 undique
896 1757 987 1821 fiuno.
1047 1751 1049 1755 ’

168 1855 301 1940 Quoque
316 1870 374 1934 eat,
390 1869 440 1918 aut
455 1855 565 1933 ubisit,
580 1854 668 1940 picei
680 1855 803 1937 caligine
818 1869 913 1919 tectus

168 1947 290 2030 Nescit;
312 1967 342 2016 et
357 1953 472 2016 arbitrio
487 1953 639 2016 volucrum
654 1966 785 2036 raptatur
799 1973 951 2037 equorum.
996 2009 1004 2026 ,,

212 2050 360 2134 Sanguine
375 2064 438 2113 tum
452 2051 576 2114 credunt
591 2052 620 2113 in
635 2071 758 2133 corpora
772 2063 887 2113 summa
897 2065 1013 2128 vocato,

171 2146 346 2232 AEthiopum
361 2148 486 2233 populos
499 2148 614 2229 nigrum
629 2147 752 2210 traxisse
767 2148 907 2210 colorem.
1077 2148 1141 2210 235

170 2243 252 2306 Tum
266 2245 343 2308 sacta
357 2260 402 2307 est
416 2242 526 2328 Libye,
541 2233 630 2328 raptis
644 2239 814 2320 *humoribus
827 2232 911 2322 astu,
1123 2260 1127 2265 ’

171 2341 281 2419 Arida3
302 2356 364 2404 tum
380 2343 518 2426 nymphae
534 2342 626 2426 passis
642 2338 795 2424 fontesque
811 2341 950 2424 lacusque

170 2434 331 2501 Deuevtre
346 2439 448 2502 comis.
494 2438 608 2513 Quaerit
622 2437 742 2526 Boeotia
756 2437 879 2516 Dircen,
906 2509 908 2516 ,

103 2567 106 2574 ·
172 2535 267 2618 Argos
283 2536 483 2618 Amymonen,
499 2535 623 2622 Ephyre
639 2535 792 2599 Pirenidas
806 2537 910 2600 undas.

170 2631 200 2693 N
202 2655 237 2696 ec
252 2634 351 2696 sortita
365 2635 432 2697 loco
446 2634 585 2697 distantes
600 2634 721 2697 flumina
735 2632 812 2718 ripas
1080 2637 1143 2698 240

170 2730 252 2792 Tuta
265 2744 401 2816 manent:
425 2731 527 2793 mediis
542 2731 654 2792 Tanais
669 2730 791 2794 fumavit
805 2733 835 2794 in
850 2732 946 2808 undis,

171 2823 348 2911 Peneosque
364 2849 467 2904 senex,
482 2827 761 2910 Teuthranteusque
777 2828 899 2910 Caicus,

171 2923 213 2987 Et
227 2925 307 2988 celer
315 2923 464 3000 ,Ismenos
479 2947 547 2986 cum
562 2925 714 2986 Phocaico
729 2923 926 3006 Erymantho,

172 3021 359 3105 Arsurusque
376 3021 481 3082 iterum
497 3019 647 3103 Xanthus
663 3020 814 3104 flavusque
830 3021 1004 3104 Lycormas
1052 3029 1055 3038 ’

172 3117 294 3203 Quique
310 3119 468 3198 recuruatis
482 3119 557 3182 ludit
572 3117 737 3182 Maeandros
752 3119 781 3182 in
796 3120 899 3198 undis;
1080 3125 1143 3186 245

172 3215 412 3300 Mygdoniusque
427 3215 535 3294 Melas,
551 3231 581 3280 et
595 3209 747 3281 Taenarius
762 3216 898 3282 Eurotas.

172 3314 253 3376 Arsit
269 3329 298 3376 et
313 3303 480 3398 Euphrates
495 3315 689 3404 Babylonius,
705 3317 773 3380 arsit
791 3316 930 3404 Orontes,

171 3408 422 3497 Thermodonque
437 3414 522 3492 citus,
539 3413 728 3500 Gangesque,
744 3429 776 3496 et
790 3414 908 3492 Phasis,
923 3429 954 3478 et
967 3413 1053 3477 Ister.

173 3507 292 3574 AEstuat
305 3511 455 3596 Alpheos:
478 3513 547 3596 ripae
563 3514 761 3598 Spercheides
776 3513 894 3576 ardent:
911 3561 914 3565 .

265 3609 269 3614 .
469 3611 518 3674 3*
873 3613 877 3624 ,
