2608 4218
170 367 230 430 146
460 371 807 430 unrnnoaturossort

166 521 233 588 Nec
248 539 365 606 par-aut
379 545 486 590 eaoem
501 540 648 588 nocturne
664 525 756 590 sonna
771 524 874 588 Diams

166 619 242 684 Esse
256 635 355 705 potest
369 644 517 707 unquam:
539 645 714 707 semperque
730 623 870 686 hodierne
884 636 1039 706 sequente,

166 716 198 780 Si
212 719 327 795 crescit,
342 721 436 783 minor
450 735 514 798 est;
535 721 637 806 major,
653 721 677 782 si
691 721 836 783 contrahit
854 721 966 784 orbern.
1002 765 1004 768 -

201 812 313 889 ,Quidi
335 839 394 880 non
410 819 439 880 in
453 819 569 902 species
583 819 742 881 succedere
759 832 883 901 quatuor
897 839 1006 880 anuum
1077 817 1141 880 14⁰

165 912 315 996 Adspicis,
330 916 422 978 etatis
437 930 626 1000 peragentem
639 915 799 980 imitamina
814 917 939 979 nostra?

167 1007 246 1072 Num
260 1024 354 1089 tener,
370 1025 400 1074 et
415 1012 537 1090 lactens,
552 1013 694 1096 puerique
706 1013 872 1076 simillimos
885 1033 948 1074 evo

166 1104 248 1170 Vere
262 1129 343 1171 novo
356 1125 411 1172 est.
455 1109 543 1172 Tunc
557 1109 649 1172 herba
663 1110 769 1186 nitens,
784 1122 816 1172 ct
828 1109 939 1181 roboris
952 1127 1060 1192 expers

165 1201 291 1286 Turget,
304 1219 335 1271 et
348 1205 470 1270 insolida
485 1221 541 1283 est,
555 1221 585 1268 et
600 1227 653 1290 spe
669 1207 796 1272 delectat
810 1219 965 1289 agrestem.

165 1297 275 1364 Omnia
290 1316 352 1364 tum
369 1302 491 1381 florent3
514 1303 678 1387 florumque
692 1304 837 1366 coloribus
852 1304 946 1366 almus
1076 1303 1137 1366 145

165 1395 258 1461 Ridet
272 1421 358 1482 ager:
381 1401 589 1484 nequeadhuc
605 1401 737 1464 virtusin
754 1401 902 1466 frondibus
916 1401 979 1464 ulls
990 1413 1047 1464 est.

165 1493 285 1558 Transit
299 1497 327 1558 in
342 1495 500 1574 AEstutem,
517 1509 582 1581 post
598 1497 671 1576 Ver,
686 1498 829 1560 robustior
842 1499 967 1560 Anmu:
997 1524 1000 1528 ·

165 1590 278 1678 Fitque
294 1595 395 1657 valens
406 1593 543 1679 juvenis:
564 1596 755 1680 nequeenim
770 1595 916 1660 robustior
927 1609 999 1658 utos

165 1687 248 1768 Ulla,
262 1713 319 1756 nec
333 1693 460 1770 uberior,
475 1715 542 1770 nec,
558 1714 621 1778 quc
636 1692 729 1776 magis
743 1707 856 1771 astuet,
871 1693 930 1756 ulla
944 1705 1001 1756 cst.
1105 1765 1107 1770 ¹

166 1788 289 1874 Excipit
303 1792 485 1869 Autumnus,
500 1793 595 1876 posito
606 1793 719 1856 fervore
730 1793 861 1877 juvente)
1077 1793 1140 1856 150

165 1883 311 1963 Maturus,
327 1889 474 1971 mitisque,
489 1890 564 1952 inter
573 1890 775 1974 juvenemque
791 1909 952 1974 senemque
1005 1947 1010 1966 Τ
1027 1955 1031 1960 ,

165 1982 327 2066 Temperie
340 1985 465 2062 medius,
479 1986 586 2068 sparsis
601 2006 654 2068 per
667 1999 802 2068 tempora
815 1986 906 2060 cunis.

165 2079 238 2144 lndc
253 2079 352 2144 senilis
367 2079 473 2144 Hiems
487 2083 613 2144 tremulo
627 2083 708 2146 venit
723 2083 841 2146 horrida
854 2104 960 2166 passu;

81 2245 84 2250 ,
165 2182 229 2241 Aut
243 2179 367 2263 spoliata
381 2199 463 2258 suos,
476 2193 536 2256 eut,
551 2201 626 2264 quos
639 2179 740 2258 habet,
754 2181 819 2244 albo
831 2180 965 2264 capillos.

166 2273 275 2338 Nostra
290 2298 408 2361 qnoque
422 2277 554 2361 ipsorum
567 2299 694 2361 semper,
709 2277 869 2362 requieque
878 2277 946 2350 ,sine
959 2277 1032 2356 ulls,
1077 2278 1140 2341 155

165 2371 301 2458 Corpora
314 2389 484 2460 vertuntur:
507 2397 575 2452 nec,
589 2376 668 2458 quod
683 2376 839 2453 fuimusve,
854 2397 1004 2452 sumusve,
1090 2423 1094 2428 -

166 2469 241 2536 Cras
257 2473 377 2534 erimus.
420 2471 520 2533 Jacnit
534 2471 630 2553 primo
644 2472 706 2532 siue
721 2472 829 2534 viribus
844 2471 937 2536 infans

166 2567 243 2631 Mox
257 2567 434 2652 quadrupes,
449 2567 564 2650 rituque
580 2567 644 2630 tulit
658 2589 711 2629 sua
724 2568 856 2630 membra
871 2567 1015 2632 ferarum:
1089 2603 1092 2608 ·

165 2664 371 2748 Paulatimque
386 2677 528 2741 tremens,
541 2678 571 2726 et
585 2665 716 2728 nondum
731 2665 843 2748 poplite
857 2665 943 2728 rinno
1053 2712 1056 2716 -

165 2759 316 2838 Constitit,
332 2760 436 2846 adjutis
452 2761 550 2845 aliquo
564 2762 718 2826 conamine
732 2763 840 2826 nervis.
1078 2763 1140 2826 160

165 2858 240 2922 lude
256 2860 357 2922 valens
372 2861 520 2944 veloxque
535 2858 605 2922 suit:
628 2859 814 2943 spatiumque
824 2858 955 2945 juvente

165 2955 304 3020 Transit:
328 2972 368 3035 et,
383 2947 509 3022 emensis
525 2957 613 3020 medii
629 2977 745 3040 quoque
760 2956 899 3040 temporis
916 2955 1010 3033 annis,

166 3053 289 3117 Labitur
303 3057 431 3119 occiduae
447 3077 501 3139 per
514 3057 569 3118 iter
581 3053 696 3118 declive
709 3069 848 3120 senectae.

167 3150 286 3214 Subruit
300 3153 364 3214 haec
379 3154 433 3215 aevi
447 3151 661 3235 demoliturque
676 3151 780 3233 prioris

166 3247 305 3312 Robora:
329 3247 440 3333 fletque
455 3247 550 3311 Milon
565 3249 672 3325 senior,
685 3249 754 3310 clun
768 3260 883 3330 spectat
897 3247 998 3311 inanes
1078 3247 1139 3309 16⁵

166 3345 246 3424 Illos,
262 3347 313 3430 qui
326 3346 441 3409 suerent
454 3345 612 3408 solidorum
627 3346 706 3407 mole
722 3359 850 3407 tororum
905 3421 908 3426 Ι

167 3443 324 3510 Herculeis
338 3444 458 3519 similes,
472 3441 578 3504 fluidos
593 3441 723 3524 pendere
737 3442 874 3504 lacertos.

166 3541 236 3605 Flet
251 3563 380 3627 quoque,
394 3555 427 3604 ut
441 3541 470 3604 in
484 3539 607 3623 speculo
620 3558 707 3620 rugas
721 3538 858 3622 adspexit
872 3539 975 3617 aniles,
