2608 4218
166 379 229 444 130
325 413 327 419 ·
484 369 836 438 unrnnoaenoaaon,

108 595 113 600 .
165 533 318 618 Factaque
333 531 479 598 Threiciis
494 535 622 618 ingentia
637 527 758 596 vulnera
772 533 850 596 telis.
907 581 910 587 ,
1044 558 1051 570 ¹
1074 538 1140 601 530

164 630 297 694 Troades
312 631 496 694 exclamant:
519 631 665 694 obmutuit
680 631 730 692 illa
744 631 863 708 dolore3

163 727 205 790 Et
220 729 326 812 pariter
342 749 456 805 vocem,
471 729 675 812 lacrymasque
690 728 828 790 introrsus
840 729 958 791 obortas
982 785 983 788 ,

164 823 297 887 Devorer
311 826 375 908 ipse
389 825 488 887 dolor:
513 824 648 908 duroque
656 824 803 888 simillima
817 845 891 888 saxo
912 818 915 820 ’
968 829 969 832 ’

163 919 295 1004 Torpet:
319 933 351 984 et
365 921 490 984 adversi
502 922 565 1004 figit
578 921 667 988 modo
681 922 791 984 lumina
805 909 899 999 terri}

163 1016 315 1082 Interdum
329 1032 428 1084 torvos
442 1019 565 1080 sustollit
580 1018 616 1080 ad
632 1019 740 1094 ethera
756 1019 870 1080 vultus:
1072 1021 1135 1085 535

164 1113 254 1178 Nunc
268 1116 355 1200 positi
369 1129 483 1198 spectat
498 1115 623 1191 vultum,
638 1135 717 1176 nunc
732 1115 866 1192 vulnera,
878 1116 960 1194 nati‚·
1004 1172 1008 1180 ,

165 1210 298 1274 Vulnera
313 1213 476 1297 precipue:
499 1231 591 1296 seque
606 1225 699 1273 annat
713 1225 744 1273 et
758 1212 872 1277 instruit
886 1213 939 1276 ira.
972 1225 974 1234 ’

164 1309 238 1384 Qua
252 1311 338 1372 simul
353 1311 471 1386 exarsit,
486 1323 625 1394 tanquam
640 1310 740 1391 regina
754 1325 897 1388 maneret,
966 1331 969 1336 ·
1027 1301 1030 1311 ’

163 1406 276 1470 Ulcisci
290 1408 407 1484 statuit;
431 1427 586 1490 poenaeque
601 1407 631 1468 in
646 1407 772 1488 imagine
789 1420 850 1470 tota
865 1421 920 1472 est.

163 1503 265 1588 thue
280 1503 348 1567 furit
361 1505 459 1567 catulo
473 1505 601 1566 lactente
616 1504 716 1566 orbata
731 1503 834 1582 leaena,-
1057 1510 1136 1570 540

163 1601 312 1686 Signaque
327 1615 413 1664 nacta
429 1601 550 1684 pedum,
566 1599 711 1684 sequitur,·
722 1621 810 1684 quem
825 1623 885 1664 non
897 1603 987 1681 videt,
998 1603 1132 1667 hostem:

163 1697 368 1777 Sic'Hecube,
384 1713 540 1783 postquam
554 1719 623 1760 cum
638 1699 720 1761 luctu
734 1697 850 1761 miscuit
864 1698 946 1777 narn,
984 1775 986 1782 y

164 1795 233 1858 Non
249 1797 338 1859 oblita
353 1798 526 1872 animorum,
542 1817 684 1858 annonam
699 1796 788 1858 oblita
803 1817 932 1875 suorum,

164 1891 256 1955 Vadit
271 1894 308 1955 ad
323 1895 462 1955 artificem
473 1894 548 1956 dirae
560 1889 766 1975 Polymestore
779 1893 886 1956 caedis:

162 1988 412 2073 colloquiumque
427 1989 521 2072 petit:
544 2009 611 2050 nam
627 2007 660 2050 se
675 2002 836 2052 monstrare
851 1991 987 2054 relictum
1067 1995 1135 2057 545

163 2084 251 2148 Velle
265 2087 358 2148 latens
373 2086 424 2163 illi,
439 2086 518 2170 quod
532 2099 605 2148 nato
615 2086 763 2162 redderet,
778 2107 893 2152 aurum.

162 2182 297 2246 Credidit
310 2182 473 2267 Odrysius:
498 2183 660 2268 praedaeque
676 2184 814 2246 adsuetus
829 2207 929 2248 amore

161 2283 197 2346 In
212 2298 327 2348 secreta
341 2285 438 2348 venit:
461 2307 531 2347 curn
543 2285 653 2350 blando
666 2286 790 2366 callidus
804 2306 865 2363 ore,
933 2295 937 2297 ’

163 2382 269 2446 ‘Tolle
283 2405 391 2459 moras,
407 2379 555 2459 Hecube‚’
572 2383 662 2444 dixit:
687 2383 742 2444 ‘da
757 2397 880 2448 munera
895 2398 974 2450 nato.

162 2478 262 2542 Omne
278 2479 340 2543 sore
354 2479 429 2544 illius
445 2481 523 2562 quod
537 2481 601 2555 das,
619 2479 698 2562 quod
713 2493 743 2541 et
757 2481 826 2542 ante
842 2481 957 2559 dedisti,
1071 2485 1137 2548 550

162 2575 222 2639 Per
236 2595 358 2659 superos
368 2575 459 2658 juro.'
504 2576 627 2658 Spectat
642 2576 806 2639 truculenta
824 2579 1006 2662 loquentem,

161 2673 309 2757 Falsaque
318 2672 484 2757 jurantem:
508 2673 680 2758 tumidique
695 2688 838 2739 exaestuat
853 2677 914 2754 irri;
992 2693 996 2700 ’

80 2836 82 2840 ,
160 2773 262 2854 Atque
278 2771 319 2834 ita
333 2765 502 2863 correptum
516 2771 698 2854 captivarum
714 2774 829 2854 agmine
844 2787 970 2839 matrum
995 2801 996 2806 ¹

160 2867 286 2945 lnvolat‚
301 2882 332 2930 et
346 2867 451 2950 digitos
466 2869 496 2931 in
511 2869 622 2957 perfida
636 2871 747 2934 lumina
762 2873 872 2951 condit,

160 2964 374 3049 Exspoliatque
390 2983 480 3048 genas
494 2969 586 3030 oculis
603 2967 687 3055 (lacit
701 2969 742 3032 ira
758 2970 923 3056 valentem)
1052 2981 1056 2985 “
1070 2975 1136 3035 555

160 3060 371 3148 Immergitque
386 3085 506 3128 manus:
521 3065 699 3152 ‘soedataque
714 3069 856 3150 sanguine
871 3069 946 3132 sonti

160 3159 233 3223 N'ou
244 3161 356 3238 lumen,
372 3184 469 3246 neque
485 3165 563 3226 euim
577 3176 721 3248 superest,
736 3165 802 3228 loca
816 3166 934 3230 luminis
949 3167 1054 3230 haurit.

202 3257 299 3321 Clade
314 3259 358 3320 sui
372 3258 525 3322 Thracum
540 3283 613 3342 gens
627 3263 735 3324 irritata
750 3263 866 3345 tyranni

159 3356 280 3421 Troada
295 3357 420 3420 telorum
436 3356 627 3440 lapidumque
642 3359 789 3421 incessere
800 3359 884 3443 jactu

160 3455 274 3540 Coepit.
319 3457 363 3517 At
377 3454 441 3516 haec
455 3453 576 3516 missum
591 3477 680 3518 rauco
693 3477 763 3518 curn
778 3477 929 3520 murmure
942 3480 1048 3522 saxum
1069 3460 1136 3523 560

159 3536 308 3616 Mdrsibus
323 3551 499 3636 insequitur:
522 3552 656 3637 rictuque
670 3553 700 3616 in
716 3553 804 3618 verba
818 3569 921 3639 parato
