2608 4218
181 361 246 432 toe'
570 367 761 428 aanoiorrs.

176 523 223 588 Ut
235 523 320 591 rediit
334 543 460 600 anrmus,
474 523 582 606 pariter
596 521 709 584 rediere
724 519 857 597 dolores3

220 619 348 685 Pectora
356 620 517 720 legitimus
525 634 606 683 casta
619 618 775 718 momordit
791 639 881 680 amor.
1047 669 1055 680 .
1112 623 1160 686 30
1281 677 1282 682 ,

176 715 245 782 Nec
259 717 332 780 mihi
347 696 510 806 pectendos
524 738 595 780 cura
609 730 655 780 est
669 701 799 826 prepete
813 715 953 799 capillus:
1281 719 1282 726 ’

219 813 286 880 Nec
300 815 373 877 libet
388 813 489 878 aurata
502 835 626 897 corpora
641 827 724 877 veste
740 811 810 899 tegi.

174 909 220 976 Ut
234 933 306 996 ques
320 901 483 996 pampinea
496 910 627 994 tetigisse
640 909 817 992 Bicorniger
827 908 914 975 hasta

219 1007 378 1089 Creditur;
400 1009 459 1071 huc
474 1007 553 1085 illuc,
570 1007 629 1092 qud
643 1006 726 1070 liuor·
738 1006 810 1089 egit,
825 1027 874 1068 eo.

175 1105 377 1210 Conveniunt
383 1119 492 1168 matres
506 1105 696 1214 Phylleides,
708 1117 738 1166 et
752 1103 825 1168 milri
839 1103 979 1181 clamant,
1057 1151 1064 1164 .

218 1183 332 1266 ‘Indu'e
346 1202 470 1285 regales,
485 1189 696 1278 laodamia,
674 1199 776 1264 sunus?

173 1297 316 1364 Scilicet
296 1321 372 1403 ppsa
386 1320 487 1382 geram
501 1312 653 1392 saturatas
657 1298 768 1360 murice
784 1310 902 1362 vestes:

215 1367 305 1460 Bella
320 1397 374 1460 sub
378 1386 485 1474 Iliacis
498 1396 646 1462 monibus
661 1394 710 1458 ille
718 1396 829 1505 gepet?

173 1491 243 1558 losa
256 1515 356 1579 comas
370 1507 490 1578 pectas:
512 1493 600 1576 galea
612 1505 717 1602 capnt
717 1492 766 1554 ille
782 1493 954 1578 prematur?

216 1588 286 1675 Ipsa
300 1611 393 1654 novas
406 1605 523 1654 vestes:
547 1589 664 1653 dura'
636 1611 681 1652 vu
694 1609 774 1652 anna
788 1587 886 1654 ferat?

173 1685 248 1761 Qua
262 1709 392 1771 possum,
408 1679 542 1773 squalore
557 1702 623 1752 tuos
638 1686 879 1751 imitatelabores

215 1783 324 1848 Dicar:
348 1799 379 1847 et
393 1785 457 1848 hec
471 1785 541 1848 belli
555 1799 690 1868 tempora
704 1785 791 1848 tristis
806 1805 904 1868 agam.

172 1879 247 1944 Dux
263 1880 332 1944 Pari
347 1880 507 1959 Priamide,
523 1883 632 1944 damno
646 1882 774 1949 formose
787 1896 915 1959 tuorum,

213 1977 293 2040 Tam
307 1978 346 2042 sis
361 1978 452 2040 ho'stis
467 1977 555 2055 iners,
571 1978 661 2061 quiam
675 1979 770 2040 malus
784 1979 893 2062 hospes
901 2001 985 2058 ‚eres-

171 2070 236 2140 Aut
250 2089 280 2138 te
294 2073 437 2139 Taeneriae
454 2073 561 2138 laciom
575 2073 713 2158 culpasse
727 2075 848 2152 marite,

213 2173 277 2238 Aut
292 2173 333 2239 illi
348 2173 456 2236 vellem
468 2172 653 2272 displicuisse
668 2186 762 2236 tuam.

170 2265 220 2337 Tu
225 2275 299 2360 ,qui
314 2269 368 2358 pr'o
382 2273 468 2359 rapta
481 2274 614 2351 nimium,
628 2273 781 2352 Μειιεῐιιέἒ,
795 2274 920 2352 laboras,

214 2370 275 2434 Hei
290 2371 373 2449 mihi,
389 2393 478 2456 quam
493 2372 591 2435 multis
606 2371 711 2434 flebilis
725 2372 803 2434 ultor
816 2371 890 2454 eris!

171 2467 225 2546 Di,
241 2490 355 2552 precor,
371 2491 389 2530 a
403 2469 487 2530 nobis
502 2490 590 2531 omen
606 2481 758 2532 removete
772 2468 938 2533 sinistrum:

213 2564 255 2627 Et
269 2587 322 2628 sua
336 2565 387 2627 det
401 2562 544 2628 reduci
517 2586 561 2626 vu
574 2585 659 2629 meus
674 2585 755 2626 arma
768 2543 850 2628 Jori.

167 2661 266 2726 sed
247 2676 354 2724 tuneo:
379 2661 553 2747 quotiesque
568 2661 646 2724 subit
661 2661 824 2726 miserabile
841 2663 966 2743 bellurn,

212 2757 342 2822 More
314 2759 400 2836 nivis,
415 2759 565 2842 lacryme,
579 2759 641 2822 sole
656 2760 812 2838 madentis,
827 2774 910 2824 eunt.

169 2855 244 2920 llion
260 2872 290 2920 et
304 2855 457 2934 Tenedos,
471 2853 651 2941 Sirnoi'sque‚
667 2871 698 2920 et
713 2857 865 2939 Xanthus,
880 2858 990 2938 etlde,

212 2952 342 3018 Nomina
356 2968 424 3018 sunt
438 2953 503 3039 ipso
517 2954 595 3038 pene
610 2955 742 3018 timenda
755 2977 838 3020 sono.

119 3095 124 3104 ·
169 3044 237 3114 Nec
251 3073 355 3135 rapere
370 3074 502 3129 ausurus,
517 3052 572 3114 nisi
587 3074 619 3116 se
635 3052 795 3116 defendere
810 3068 919 3138 posset,

211 3147 332 3232 Hospes
347 3164 426 3214 erat:
450 3150 527 3213 vires
542 3164 665 3214 noverat
679 3152 728 3214 ille
743 3173 822 3215 suas.

171 3243 303 3308 Venerat
320 3245 367 3332 (ut
382 3245 459 3310 sama
474 3242 542 3334 est)¹
551 3248 645 3311 multo
660 3249 827 3332 spectabilis
843 3269 923 3326 auro,

212 3340 335 3426 Quique
350 3365 405 3406 suo
419 3341 566 3427 Phrygias
580 3367 704 3428 corpore
719 3345 807 3409 ferret
821 3367 906 3431 opes.

169 3439 275 3505 Classe
291 3440 418 3526 virisque
433 3455 550 3524 potens,
566 3462 697 3528 perque
714 3443 776 3506 sera
789 3445 867 3507 bella
880 3459 1038 3527 genantur:

170 3601 174 3614 ,
211 3537 253 3601 Ει
267 3539 398 3624 sequitur
410 3538 493 3622 regni
507 3560 574 3624 pars
589 3554 797 3626 quotacunque
812 3542 864 3605 sui.
