<?xml version="1.0" encoding="UTF-8"?>
<!DOCTYPE html PUBLIC "-//W3C//DTD XHTML 1.0 Transitional//EN"
    "http://www.w3.org/TR/xhtml1/DTD/xhtml1-transitional.dtd">
<html xmlns="http://www.w3.org/1999/xhtml" xml:lang="en" lang="en">
 <head>
  <title>
</title>
<meta http-equiv="Content-Type" content="text/html;charset=utf-8" />
  <meta name='ocr-system' content='tesseract 3.04.00' />
  <meta name='ocr-capabilities' content='ocr_page ocr_carea ocr_par ocr_line ocrx_word'/>
</head>
<body>
  <div class='ocr_page' id='page_1' title='image "./excerptaexscrip04ovidgoog_0165.png"; bbox 0 0 2608 4218; ppageno 0'>
   <div class='ocr_carea' id='block_1_1' title="bbox 168 343 824 408">
    <p class='ocr_par' dir='ltr' id='par_1_1' title="bbox 168 343 824 408">
     <span class='ocr_line' id='line_1_1' title="bbox 168 343 824 408; baseline -0.017 -2"><span class='ocrx_word' id='word_1_1' title='bbox 168 343 231 408; x_wconf 81' lang='lat'>1⁵0</span> <span class='ocrx_word' id='word_1_2' title='bbox 480 345 824 400; x_wconf 74' lang='lat' dir='ltr'>uermonruoseon</span> 
     </span>
    </p>
   </div>
   <div class='ocr_carea' id='block_1_2' title="bbox 133 495 1138 3088">
    <p class='ocr_par' dir='ltr' id='par_1_2' title="bbox 164 495 1138 1354">
     <span class='ocr_line' id='line_1_2' title="bbox 165 495 769 578; baseline -0.007 -18"><span class='ocrx_word' id='word_1_3' title='bbox 165 495 208 560; x_wconf 83' lang='lat' dir='ltr'>Et</span> <span class='ocrx_word' id='word_1_4' title='bbox 222 497 404 560; x_wconf 87' lang='lat' dir='ltr'>Diomedeos</span> <span class='ocrx_word' id='word_1_5' title='bbox 418 495 532 560; x_wconf 81' lang='lat' dir='ltr'>AEneas</span> <span class='ocrx_word' id='word_1_6' title='bbox 546 496 660 578; x_wconf 82' lang='lat' dir='ltr'>fugerat</span> <span class='ocrx_word' id='word_1_7' title='bbox 673 515 769 558; x_wconf 85' lang='lat' dir='ltr'>enses.</span> 
     </span>
     <span class='ocr_line' id='line_1_3' title="bbox 164 591 1138 676; baseline 0.002 -22"><span class='ocrx_word' id='word_1_8' title='bbox 164 591 288 656; x_wconf 77' lang='lat' dir='ltr'>Talibus</span> <span class='ocrx_word' id='word_1_9' title='bbox 302 593 380 656; x_wconf 87' lang='lat' dir='ltr'>hauc</span> <span class='ocrx_word' id='word_1_10' title='bbox 394 594 525 676; x_wconf 89' lang='lat' dir='ltr'>genitor:</span> <span class='ocrx_word' id='word_1_11' title='bbox 549 593 638 658; x_wconf 90' lang='lat' dir='ltr'>‘Sola</span> <span class='ocrx_word' id='word_1_12' title='bbox 652 592 847 676; x_wconf 75' lang='lat' dir='ltr'>insuperabile</span> <span class='ocrx_word' id='word_1_13' title='bbox 862 591 965 668; x_wconf 85' lang='lat' dir='ltr'>satum,</span> <span class='ocrx_word' id='word_1_14' title='bbox 1072 593 1138 656; x_wconf 74' lang='lat'>26⁰</span> 
     </span>
     <span class='ocr_line' id='line_1_4' title="bbox 164 687 937 774; baseline -0.001 -21"><span class='ocrx_word' id='word_1_15' title='bbox 164 687 254 766; x_wconf 84' lang='lat' dir='ltr'>Nate,</span> <span class='ocrx_word' id='word_1_16' title='bbox 269 711 389 754; x_wconf 88' lang='lat' dir='ltr'>movere</span> <span class='ocrx_word' id='word_1_17' title='bbox 404 693 510 774; x_wconf 79' lang='lat' dir='ltr'>paras?</span> <span class='ocrx_word' id='word_1_18' title='bbox 531 691 621 754; x_wconf 80' lang='lat' dir='ltr'>intres</span> <span class='ocrx_word' id='word_1_19' title='bbox 635 690 706 756; x_wconf 77' lang='lat' dir='ltr'>licbt</span> <span class='ocrx_word' id='word_1_20' title='bbox 720 690 784 772; x_wconf 88' lang='lat' dir='ltr'>ipsa</span> <span class='ocrx_word' id='word_1_21' title='bbox 797 689 937 754; x_wconf 89' lang='lat' dir='ltr'>Sororum</span> 
     </span>
     <span class='ocr_line' id='line_1_5' title="bbox 164 787 829 865; baseline 0 -15"><span class='ocrx_word' id='word_1_22' title='bbox 164 787 262 852; x_wconf 85' lang='lat' dir='ltr'>Tecta</span> <span class='ocrx_word' id='word_1_23' title='bbox 276 789 375 865; x_wconf 88' lang='lat' dir='ltr'>trium,</span> <span class='ocrx_word' id='word_1_24' title='bbox 390 809 493 852; x_wconf 88' lang='lat' dir='ltr'>cemes</span> <span class='ocrx_word' id='word_1_25' title='bbox 507 788 566 852; x_wconf 89' lang='lat' dir='ltr'>illie</span> <span class='ocrx_word' id='word_1_26' title='bbox 580 788 731 852; x_wconf 82' lang='lat' dir='ltr'>molimine</span> <span class='ocrx_word' id='word_1_27' title='bbox 746 799 829 850; x_wconf 89' lang='lat' dir='ltr'>vasto</span> 
     </span>
     <span class='ocr_line' id='line_1_6' title="bbox 164 882 822 962; baseline -0.003 -15"><span class='ocrx_word' id='word_1_28' title='bbox 164 882 216 947; x_wconf 82' lang='lat' dir='ltr'>Ex</span> <span class='ocrx_word' id='word_1_29' title='bbox 231 905 299 962; x_wconf 79' lang='lat' dir='ltr'>ere,</span> <span class='ocrx_word' id='word_1_30' title='bbox 314 898 344 947; x_wconf 90' lang='lat' dir='ltr'>et</span> <span class='ocrx_word' id='word_1_31' title='bbox 357 885 451 948; x_wconf 89' lang='lat' dir='ltr'>solido</span> <span class='ocrx_word' id='word_1_32' title='bbox 465 907 562 948; x_wconf 89' lang='lat' dir='ltr'>rerum</span> <span class='ocrx_word' id='word_1_33' title='bbox 577 885 717 948; x_wconf 89' lang='lat' dir='ltr'>tabularia</span> <span class='ocrx_word' id='word_1_34' title='bbox 730 882 822 946; x_wconf 86' lang='lat' dir='ltr'>serm:</span> 
     </span>
     <span class='ocr_line' id='line_1_7' title="bbox 164 978 990 1064; baseline 0 -22"><span class='ocrx_word' id='word_1_35' title='bbox 164 978 244 1053; x_wconf 76' lang='lat' dir='ltr'>Qun</span> <span class='ocrx_word' id='word_1_36' title='bbox 258 1001 357 1064; x_wconf 87' lang='lat' dir='ltr'>neque</span> <span class='ocrx_word' id='word_1_37' title='bbox 370 1003 545 1044; x_wconf 82' lang='lat' dir='ltr'>coucmsum</span> <span class='ocrx_word' id='word_1_38' title='bbox 559 982 639 1058; x_wconf 87' lang='lat' dir='ltr'>coeli,</span> <span class='ocrx_word' id='word_1_39' title='bbox 653 1001 750 1064; x_wconf 87' lang='lat' dir='ltr'>neque</span> <span class='ocrx_word' id='word_1_40' title='bbox 766 979 893 1044; x_wconf 78' lang='lat' dir='ltr'><strong>fulminis</strong></span> <span class='ocrx_word' id='word_1_41' title='bbox 907 980 990 1057; x_wconf 90' lang='lat' dir='ltr'>iram,</span> 
     </span>
     <span class='ocr_line' id='line_1_8' title="bbox 164 1075 1135 1161; baseline 0 -21"><span class='ocrx_word' id='word_1_42' title='bbox 164 1075 232 1140; x_wconf 81' lang='lat' dir='ltr'>Nee</span> <span class='ocrx_word' id='word_1_43' title='bbox 245 1091 383 1142; x_wconf 85' lang='lat' dir='ltr'>metuunt</span> <span class='ocrx_word' id='word_1_44' title='bbox 395 1079 470 1140; x_wconf 87' lang='lat' dir='ltr'>ullas</span> <span class='ocrx_word' id='word_1_45' title='bbox 483 1093 547 1140; x_wconf 90' lang='lat' dir='ltr'>tuta</span> <span class='ocrx_word' id='word_1_46' title='bbox 561 1092 649 1161; x_wconf 88' lang='lat' dir='ltr'>atque</span> <span class='ocrx_word' id='word_1_47' title='bbox 665 1091 773 1140; x_wconf 82' lang='lat' dir='ltr'>aeterua</span> <span class='ocrx_word' id='word_1_48' title='bbox 786 1078 894 1140; x_wconf 87' lang='lat' dir='ltr'>ruinas.</span> <span class='ocrx_word' id='word_1_49' title='bbox 1072 1078 1135 1140; x_wconf 70' lang='lat'>265</span> 
     </span>
     <span class='ocr_line' id='line_1_9' title="bbox 164 1172 790 1256; baseline 0 -20"><span class='ocrx_word' id='word_1_50' title='bbox 164 1172 302 1236; x_wconf 83' lang='lat' dir='ltr'>Invenies</span> <span class='ocrx_word' id='word_1_51' title='bbox 317 1175 375 1237; x_wconf 91' lang='lat' dir='ltr'>illic</span> <span class='ocrx_word' id='word_1_52' title='bbox 391 1175 481 1238; x_wconf 87' lang='lat' dir='ltr'>ineisa</span> <span class='ocrx_word' id='word_1_53' title='bbox 495 1175 650 1238; x_wconf 88' lang='lat' dir='ltr'>adamante</span> <span class='ocrx_word' id='word_1_54' title='bbox 665 1173 790 1256; x_wconf 89' lang='lat' dir='ltr'>pereuni</span> 
     </span>
     <span class='ocr_line' id='line_1_10' title="bbox 164 1269 1034 1354; baseline -0.007 -20"><span class='ocrx_word' id='word_1_55' title='bbox 164 1269 241 1334; x_wconf 75' lang='lat' dir='ltr'>Fata</span> <span class='ocrx_word' id='word_1_56' title='bbox 255 1271 296 1334; x_wconf 89' lang='lat' dir='ltr'>tui</span> <span class='ocrx_word' id='word_1_57' title='bbox 311 1273 443 1354; x_wconf 86' lang='lat' dir='ltr'>generis:</span> <span class='ocrx_word' id='word_1_58' title='bbox 466 1271 525 1353; x_wconf 86' lang='lat' dir='ltr'>legi</span> <span class='ocrx_word' id='word_1_59' title='bbox 539 1272 613 1354; x_wconf 88' lang='lat' dir='ltr'>ipse,</span> <span class='ocrx_word' id='word_1_60' title='bbox 628 1272 785 1354; x_wconf 86' lang='lat' dir='ltr'>animoque</span> <span class='ocrx_word' id='word_1_61' title='bbox 798 1270 909 1347; x_wconf 84' lang='lat' dir='ltr'>notavi,</span> <span class='ocrx_word' id='word_1_62' title='bbox 1029 1312 1034 1328; x_wconf 84' lang='grc'><strong><em>.</em></strong></span> 
     </span>
    </p>

    <p class='ocr_par' dir='ltr' id='par_1_3' title="bbox 133 1365 1136 3088">
     <span class='ocr_line' id='line_1_11' title="bbox 133 1365 934 1449; baseline 0.002 -19"><span class='ocrx_word' id='word_1_63' title='bbox 133 1387 138 1398; x_wconf 93' lang='grc'><strong><em>·</em></strong></span> <span class='ocrx_word' id='word_1_64' title='bbox 164 1365 206 1430; x_wconf 83' lang='lat' dir='ltr'>Et</span> <span class='ocrx_word' id='word_1_65' title='bbox 220 1368 360 1432; x_wconf 88' lang='lat' dir='ltr'>reseram:</span> <span class='ocrx_word' id='word_1_66' title='bbox 383 1390 422 1430; x_wconf 86' lang='lat' dir='ltr'>ne</span> <span class='ocrx_word' id='word_1_67' title='bbox 436 1369 474 1430; x_wconf 91' lang='lat' dir='ltr'>sis</span> <span class='ocrx_word' id='word_1_68' title='bbox 488 1369 649 1432; x_wconf 81' lang='lat' dir='ltr'>etiamnum</span> <span class='ocrx_word' id='word_1_69' title='bbox 663 1369 763 1449; x_wconf 87' lang='lat' dir='ltr'>ignara</span> <span class='ocrx_word' id='word_1_70' title='bbox 778 1366 878 1432; x_wconf 77' lang='lat' dir='ltr'>suturi-</span> <span class='ocrx_word' id='word_1_71' title='bbox 929 1394 934 1403; x_wconf 96' lang='lat'>·</span> 
     </span>
     <span class='ocr_line' id='line_1_12' title="bbox 164 1461 1130 1550; baseline -0.003 -23"><span class='ocrx_word' id='word_1_72' title='bbox 164 1462 224 1527; x_wconf 91' lang='lat' dir='ltr'>Hic</span> <span class='ocrx_word' id='word_1_73' title='bbox 238 1486 291 1527; x_wconf 90' lang='lat' dir='ltr'>sua</span> <span class='ocrx_word' id='word_1_74' title='bbox 305 1465 466 1548; x_wconf 80' lang='lat' dir='ltr'>complevit</span> <span class='ocrx_word' id='word_1_75' title='bbox 483 1465 552 1550; x_wconf 89' lang='lat' dir='ltr'>(pro</span> <span class='ocrx_word' id='word_1_76' title='bbox 568 1487 638 1548; x_wconf 89' lang='lat' dir='ltr'>quo,</span> <span class='ocrx_word' id='word_1_77' title='bbox 653 1464 817 1547; x_wconf 84' lang='lat' dir='ltr'>Cytherea,</span> <span class='ocrx_word' id='word_1_78' title='bbox 831 1461 960 1546; x_wconf 80' lang='lat' dir='ltr'>laboras)</span> <span class='ocrx_word' id='word_1_79' title='bbox 1122 1523 1130 1532; x_wconf 82' lang='lat'>,</span> 
     </span>
     <span class='ocr_line' id='line_1_13' title="bbox 164 1559 1134 1646; baseline -0.001 -23"><span class='ocrx_word' id='word_1_80' title='bbox 164 1559 327 1645; x_wconf 87' lang='lat' dir='ltr'>Tempora,</span> <span class='ocrx_word' id='word_1_81' title='bbox 343 1562 491 1645; x_wconf 88' lang='lat' dir='ltr'>perfectis,</span> <span class='ocrx_word' id='word_1_82' title='bbox 506 1583 578 1646; x_wconf 88' lang='lat' dir='ltr'>quos</span> <span class='ocrx_word' id='word_1_83' title='bbox 592 1561 801 1637; x_wconf 78' lang='lat' dir='ltr'>tenaedebuit,</span> <span class='ocrx_word' id='word_1_84' title='bbox 816 1561 908 1625; x_wconf 73' lang='lat' dir='ltr'>anub.</span> <span class='ocrx_word' id='word_1_85' title='bbox 1071 1561 1134 1622; x_wconf 77' lang='lat' dir='ltr'>atu</span> 
     </span>
     <span class='ocr_line' id='line_1_14' title="bbox 163 1656 865 1742; baseline -0.001 -23"><span class='ocrx_word' id='word_1_86' title='bbox 163 1656 209 1720; x_wconf 91' lang='lat' dir='ltr'>Ut</span> <span class='ocrx_word' id='word_1_87' title='bbox 223 1658 296 1721; x_wconf 86' lang='lat' dir='ltr'>dens</span> <span class='ocrx_word' id='word_1_88' title='bbox 311 1659 433 1722; x_wconf 84' lang='lat' dir='ltr'>accedat</span> <span class='ocrx_word' id='word_1_89' title='bbox 446 1659 535 1735; x_wconf 89' lang='lat' dir='ltr'>coelo,</span> <span class='ocrx_word' id='word_1_90' title='bbox 552 1658 729 1742; x_wconf 81' lang='lat' dir='ltr'>templisque</span> <span class='ocrx_word' id='word_1_91' title='bbox 741 1657 865 1733; x_wconf 86' lang='lat' dir='ltr'>colatur,</span> 
     </span>
     <span class='ocr_line' id='line_1_15' title="bbox 163 1753 908 1840; baseline 0 -25"><span class='ocrx_word' id='word_1_92' title='bbox 163 1753 216 1816; x_wconf 87' lang='lat' dir='ltr'>Tu</span> <span class='ocrx_word' id='word_1_93' title='bbox 230 1753 331 1834; x_wconf 82' lang='lat' dir='ltr'>facies,</span> <span class='ocrx_word' id='word_1_94' title='bbox 346 1771 491 1839; x_wconf 83' lang='lat' dir='ltr'>natusque</span> <span class='ocrx_word' id='word_1_95' title='bbox 505 1778 585 1833; x_wconf 88' lang='lat' dir='ltr'>suus,</span> <span class='ocrx_word' id='word_1_96' title='bbox 601 1756 651 1840; x_wconf 93' lang='lat' dir='ltr'>qui</span> <span class='ocrx_word' id='word_1_97' title='bbox 665 1755 790 1818; x_wconf 87' lang='lat' dir='ltr'>nominis</span> <span class='ocrx_word' id='word_1_98' title='bbox 805 1755 908 1830; x_wconf 78' lang='lat' dir='ltr'>heres,</span> 
     </span>
     <span class='ocr_line' id='line_1_16' title="bbox 163 1844 919 1935; baseline 0.001 -22"><span class='ocrx_word' id='word_1_99' title='bbox 163 1849 340 1935; x_wconf 87' lang='lat' dir='ltr'>Impositum</span> <span class='ocrx_word' id='word_1_100' title='bbox 356 1844 429 1915; x_wconf 80' lang='lat' dir='ltr'>seret</span> <span class='ocrx_word' id='word_1_101' title='bbox 444 1851 534 1916; x_wconf 88' lang='lat' dir='ltr'>Urbis</span> <span class='ocrx_word' id='word_1_102' title='bbox 547 1873 633 1928; x_wconf 90' lang='lat' dir='ltr'>onus,</span> <span class='ocrx_word' id='word_1_103' title='bbox 647 1851 774 1934; x_wconf 85' lang='lat' dir='ltr'>caesique</span> <span class='ocrx_word' id='word_1_104' title='bbox 790 1851 919 1934; x_wconf 86' lang='lat' dir='ltr'>parentis</span> 
     </span>
     <span class='ocr_line' id='line_1_17' title="bbox 165 1946 865 2012; baseline -0.003 -2"><span class='ocrx_word' id='word_1_105' title='bbox 165 1946 229 2011; x_wconf 86' lang='lat' dir='ltr'>Nos</span> <span class='ocrx_word' id='word_1_106' title='bbox 243 1948 272 2010; x_wconf 92' lang='lat' dir='ltr'>in</span> <span class='ocrx_word' id='word_1_107' title='bbox 286 1948 365 2010; x_wconf 89' lang='lat' dir='ltr'>bella</span> <span class='ocrx_word' id='word_1_108' title='bbox 377 1970 445 2010; x_wconf 89' lang='lat' dir='ltr'>suos</span> <span class='ocrx_word' id='word_1_109' title='bbox 460 1948 631 2012; x_wconf 82' lang='lat' dir='ltr'>fortissimus</span> <span class='ocrx_word' id='word_1_110' title='bbox 644 1947 722 2010; x_wconf 88' lang='lat' dir='ltr'>ultor</span> <span class='ocrx_word' id='word_1_111' title='bbox 735 1947 865 2008; x_wconf 86' lang='lat' dir='ltr'>habebit.</span> 
     </span>
     <span class='ocr_line' id='line_1_18' title="bbox 162 2043 1135 2127; baseline -0.002 -19"><span class='ocrx_word' id='word_1_112' title='bbox 162 2043 244 2108; x_wconf 92' lang='lat' dir='ltr'>Illius</span> <span class='ocrx_word' id='word_1_113' title='bbox 259 2043 395 2127; x_wconf 87' lang='lat' dir='ltr'>auspiciis</span> <span class='ocrx_word' id='word_1_114' title='bbox 409 2045 534 2108; x_wconf 81' lang='lat' dir='ltr'>obsessae</span> <span class='ocrx_word' id='word_1_115' title='bbox 550 2043 662 2106; x_wconf 84' lang='lat' dir='ltr'>moeuia</span> <span class='ocrx_word' id='word_1_116' title='bbox 675 2063 785 2126; x_wconf 86' lang='lat' dir='ltr'>pacem</span> <span class='ocrx_word' id='word_1_117' title='bbox 1072 2044 1135 2106; x_wconf 72' lang='lat'>275</span> 
     </span>
     <span class='ocr_line' id='line_1_19' title="bbox 164 2139 1021 2224; baseline 0 -22"><span class='ocrx_word' id='word_1_118' title='bbox 164 2139 254 2203; x_wconf 86' lang='lat' dir='ltr'>Victa</span> <span class='ocrx_word' id='word_1_119' title='bbox 269 2155 373 2224; x_wconf 88' lang='lat' dir='ltr'>petent</span> <span class='ocrx_word' id='word_1_120' title='bbox 387 2139 528 2204; x_wconf 79' lang='lat' dir='ltr'>Mutine:</span> <span class='ocrx_word' id='word_1_121' title='bbox 551 2139 704 2202; x_wconf 78' lang='lat' dir='ltr'>Pharsalia</span> <span class='ocrx_word' id='word_1_122' title='bbox 717 2139 824 2202; x_wconf 85' lang='lat' dir='ltr'>sentiet</span> <span class='ocrx_word' id='word_1_123' title='bbox 838 2139 932 2216; x_wconf 90' lang='lat' dir='ltr'>illum,</span> <span class='ocrx_word' id='word_1_124' title='bbox 1017 2203 1021 2208; x_wconf 81' lang='grc'><strong>,</strong></span> 
     </span>
     <span class='ocr_line' id='line_1_20' title="bbox 163 2232 923 2322; baseline -0.007 -20"><span class='ocrx_word' id='word_1_125' title='bbox 163 2237 375 2322; x_wconf 69' lang='lat' dir='ltr'>Emathiique</span> <span class='ocrx_word' id='word_1_126' title='bbox 390 2238 495 2302; x_wconf 84' lang='lat' dir='ltr'>iterum</span> <span class='ocrx_word' id='word_1_127' title='bbox 508 2235 663 2306; x_wconf 79' lang='lat' dir='ltr'>madefacti</span> <span class='ocrx_word' id='word_1_128' title='bbox 678 2237 759 2299; x_wconf 80' lang='lat' dir='ltr'>cede</span> <span class='ocrx_word' id='word_1_129' title='bbox 774 2232 923 2317; x_wconf 92' lang='lat' dir='ltr'>Philippi:</span> 
     </span>
     <span class='ocr_line' id='line_1_21' title="bbox 164 2331 1010 2417; baseline -0.004 -20"><span class='ocrx_word' id='word_1_130' title='bbox 164 2333 208 2397; x_wconf 87' lang='lat' dir='ltr'>Et</span> <span class='ocrx_word' id='word_1_131' title='bbox 221 2333 368 2417; x_wconf 88' lang='lat' dir='ltr'>Magnum</span> <span class='ocrx_word' id='word_1_132' title='bbox 384 2332 490 2397; x_wconf 86' lang='lat' dir='ltr'>Siculis</span> <span class='ocrx_word' id='word_1_133' title='bbox 505 2353 613 2396; x_wconf 90' lang='lat' dir='ltr'>nomeu</span> <span class='ocrx_word' id='word_1_134' title='bbox 624 2334 809 2416; x_wconf 83' lang='lat' dir='ltr'>superabitur</span> <span class='ocrx_word' id='word_1_135' title='bbox 819 2331 921 2394; x_wconf 87' lang='lat' dir='ltr'>undis:</span> <span class='ocrx_word' id='word_1_136' title='bbox 1008 2335 1010 2342; x_wconf 82' lang='lat'>&#39;</span> 
     </span>
     <span class='ocr_line' id='line_1_22' title="bbox 164 2428 844 2516; baseline -0.004 -24"><span class='ocrx_word' id='word_1_137' title='bbox 164 2430 355 2516; x_wconf 88' lang='lat' dir='ltr'>Romanique</span> <span class='ocrx_word' id='word_1_138' title='bbox 370 2431 452 2494; x_wconf 89' lang='lat' dir='ltr'>ducis</span> <span class='ocrx_word' id='word_1_139' title='bbox 466 2430 578 2515; x_wconf 85' lang='lat' dir='ltr'>conjux</span> <span class='ocrx_word' id='word_1_140' title='bbox 592 2428 747 2512; x_wconf 83' lang='lat' dir='ltr'>AEgyptia,</span> <span class='ocrx_word' id='word_1_141' title='bbox 763 2428 844 2490; x_wconf 79' lang='lat' dir='ltr'>taedae</span> 
     </span>
     <span class='ocr_line' id='line_1_23' title="bbox 163 2523 1135 2606; baseline 0 -18"><span class='ocrx_word' id='word_1_142' title='bbox 163 2525 234 2588; x_wconf 88' lang='lat' dir='ltr'>Non</span> <span class='ocrx_word' id='word_1_143' title='bbox 249 2528 325 2589; x_wconf 87' lang='lat' dir='ltr'>bene</span> <span class='ocrx_word' id='word_1_144' title='bbox 339 2527 401 2602; x_wconf 86' lang='lat' dir='ltr'>fisa,</span> <span class='ocrx_word' id='word_1_145' title='bbox 415 2525 520 2588; x_wconf 88' lang='lat' dir='ltr'>cadet:</span> <span class='ocrx_word' id='word_1_146' title='bbox 543 2524 707 2606; x_wconf 73' lang='lat' dir='ltr'>frustraque</span> <span class='ocrx_word' id='word_1_147' title='bbox 721 2524 776 2586; x_wconf 91' lang='lat' dir='ltr'>erit</span> <span class='ocrx_word' id='word_1_148' title='bbox 789 2523 839 2586; x_wconf 90' lang='lat' dir='ltr'>illa</span> <span class='ocrx_word' id='word_1_149' title='bbox 852 2523 971 2599; x_wconf 85' lang='lat' dir='ltr'>minata,</span> <span class='ocrx_word' id='word_1_150' title='bbox 1073 2525 1135 2588; x_wconf 71' lang='lat'>98⁰</span> 
     </span>
     <span class='ocr_line' id='line_1_24' title="bbox 163 2620 844 2710; baseline -0.001 -24"><span class='ocrx_word' id='word_1_151' title='bbox 163 2622 316 2686; x_wconf 88' lang='lat' dir='ltr'>Servitura</span> <span class='ocrx_word' id='word_1_152' title='bbox 329 2643 383 2684; x_wconf 91' lang='lat' dir='ltr'>suo</span> <span class='ocrx_word' id='word_1_153' title='bbox 397 2621 546 2704; x_wconf 90' lang='lat' dir='ltr'>Capitolia</span> <span class='ocrx_word' id='word_1_154' title='bbox 561 2634 659 2682; x_wconf 90' lang='lat' dir='ltr'>nostra</span> <span class='ocrx_word' id='word_1_155' title='bbox 674 2620 813 2704; x_wconf 87' lang='lat' dir='ltr'>Canopo.</span> <span class='ocrx_word' id='word_1_156' title='bbox 840 2701 844 2710; x_wconf 32' lang='grc'><strong>,</strong></span> 
     </span>
     <span class='ocr_line' id='line_1_25' title="bbox 164 2717 965 2804; baseline 0 -24"><span class='ocrx_word' id='word_1_157' title='bbox 164 2718 249 2792; x_wconf 82' lang='lat' dir='ltr'>Quid</span> <span class='ocrx_word' id='word_1_158' title='bbox 264 2718 314 2781; x_wconf 91' lang='lat' dir='ltr'>tibi</span> <span class='ocrx_word' id='word_1_159' title='bbox 329 2717 514 2796; x_wconf 87' lang='lat' dir='ltr'>Barbariem,</span> <span class='ocrx_word' id='word_1_160' title='bbox 529 2733 632 2800; x_wconf 87' lang='lat' dir='ltr'>gentes</span> <span class='ocrx_word' id='word_1_161' title='bbox 646 2720 684 2780; x_wconf 90' lang='lat' dir='ltr'>ab</span> <span class='ocrx_word' id='word_1_162' title='bbox 697 2733 822 2802; x_wconf 86' lang='lat' dir='ltr'>utroque</span> <span class='ocrx_word' id='word_1_163' title='bbox 832 2718 965 2804; x_wconf 78' lang='lat' dir='ltr'>jacentes</span> 
     </span>
     <span class='ocr_line' id='line_1_26' title="bbox 163 2813 1019 2900; baseline -0.002 -22"><span class='ocrx_word' id='word_1_164' title='bbox 163 2815 299 2893; x_wconf 89' lang='lat' dir='ltr'>Oceano,</span> <span class='ocrx_word' id='word_1_165' title='bbox 313 2818 487 2880; x_wconf 81' lang='lat' dir='ltr'>numerem?</span> <span class='ocrx_word' id='word_1_166' title='bbox 532 2813 743 2900; x_wconf 82' lang='lat' dir='ltr'>Quodcunque</span> <span class='ocrx_word' id='word_1_167' title='bbox 758 2817 915 2880; x_wconf 88' lang='lat' dir='ltr'>habitabile</span> <span class='ocrx_word' id='word_1_168' title='bbox 930 2816 1019 2880; x_wconf 84' lang='lat' dir='ltr'>tellus</span> 
     </span>
     <span class='ocr_line' id='line_1_27' title="bbox 163 2912 944 2997; baseline -0.001 -21"><span class='ocrx_word' id='word_1_169' title='bbox 163 2912 306 2989; x_wconf 84' lang='lat' dir='ltr'>Sustinet,</span> <span class='ocrx_word' id='word_1_170' title='bbox 319 2913 406 2997; x_wconf 85' lang='lat' dir='ltr'>hujus</span> <span class='ocrx_word' id='word_1_171' title='bbox 421 2915 492 2978; x_wconf 86' lang='lat' dir='ltr'>erit:</span> <span class='ocrx_word' id='word_1_172' title='bbox 516 2928 623 2997; x_wconf 68' lang='lat' dir='ltr'>pontum</span> <span class='ocrx_word' id='word_1_173' title='bbox 639 2933 758 2997; x_wconf 90' lang='lat' dir='ltr'>quoque</span> <span class='ocrx_word' id='word_1_174' title='bbox 772 2915 880 2976; x_wconf 80' lang='lat' dir='ltr'>serviet</span> <span class='ocrx_word' id='word_1_175' title='bbox 893 2913 944 2976; x_wconf 88' lang='lat' dir='ltr'>illi.</span> 
     </span>
     <span class='ocr_line' id='line_1_28' title="bbox 163 3007 1136 3088; baseline 0 -18"><span class='ocrx_word' id='word_1_176' title='bbox 163 3008 244 3071; x_wconf 86' lang='lat' dir='ltr'>Pace</span> <span class='ocrx_word' id='word_1_177' title='bbox 260 3009 329 3070; x_wconf 76' lang='lat' dir='ltr'>dart</span> <span class='ocrx_word' id='word_1_178' title='bbox 343 3010 436 3088; x_wconf 88' lang='lat' dir='ltr'>terris,</span> <span class='ocrx_word' id='word_1_179' title='bbox 451 3011 580 3074; x_wconf 89' lang='lat' dir='ltr'>animum</span> <span class='ocrx_word' id='word_1_180' title='bbox 595 3011 634 3072; x_wconf 89' lang='lat' dir='ltr'>ad</span> <span class='ocrx_word' id='word_1_181' title='bbox 646 3011 743 3073; x_wconf 87' lang='lat' dir='ltr'>civilia</span> <span class='ocrx_word' id='word_1_182' title='bbox 765 3023 860 3072; x_wconf 85' lang='lat' dir='ltr'>vertet</span> <span class='ocrx_word' id='word_1_183' title='bbox 1072 3007 1136 3070; x_wconf 77' lang='lat'>285</span> 
     </span>
    </p>
   </div>
   <div class='ocr_carea' id='block_1_3' title="bbox 162 3101 1135 3574">
    <p class='ocr_par' dir='ltr' id='par_1_4' title="bbox 162 3101 907 3190">
     <span class='ocr_line' id='line_1_29' title="bbox 162 3101 907 3190; baseline 0.003 -24"><span class='ocrx_word' id='word_1_184' title='bbox 162 3101 235 3166; x_wconf 86' lang='lat' dir='ltr'>Jura</span> <span class='ocrx_word' id='word_1_185' title='bbox 249 3125 346 3182; x_wconf 91' lang='lat' dir='ltr'>suum,</span> <span class='ocrx_word' id='word_1_186' title='bbox 361 3106 502 3190; x_wconf 85' lang='lat' dir='ltr'>legesque</span> <span class='ocrx_word' id='word_1_187' title='bbox 517 3106 591 3168; x_wconf 87' lang='lat' dir='ltr'>seret</span> <span class='ocrx_word' id='word_1_188' title='bbox 601 3107 776 3190; x_wconf 88' lang='lat' dir='ltr'>justissimus</span> <span class='ocrx_word' id='word_1_189' title='bbox 790 3119 907 3168; x_wconf 87' lang='lat' dir='ltr'>auctor:</span> 
     </span>
    </p>

    <p class='ocr_par' dir='ltr' id='par_1_5' title="bbox 163 3197 880 3284">
     <span class='ocr_line' id='line_1_30' title="bbox 163 3197 880 3284; baseline -0.003 -20"><span class='ocrx_word' id='word_1_190' title='bbox 163 3197 374 3284; x_wconf 76' lang='lat' dir='ltr'>Exemploque</span> <span class='ocrx_word' id='word_1_191' title='bbox 388 3221 443 3265; x_wconf 90' lang='lat' dir='ltr'>suc</span> <span class='ocrx_word' id='word_1_192' title='bbox 456 3223 553 3264; x_wconf 87' lang='lat' dir='ltr'>mores</span> <span class='ocrx_word' id='word_1_193' title='bbox 566 3215 666 3284; x_wconf 87' lang='lat' dir='ltr'>reget:</span> <span class='ocrx_word' id='word_1_194' title='bbox 689 3203 778 3284; x_wconf 90' lang='lat' dir='ltr'>inque</span> <span class='ocrx_word' id='word_1_195' title='bbox 793 3201 880 3263; x_wconf 83' lang='lat' dir='ltr'>firturi</span> 
     </span>
    </p>

    <p class='ocr_par' dir='ltr' id='par_1_6' title="bbox 163 3292 893 3381">
     <span class='ocr_line' id='line_1_31' title="bbox 163 3292 893 3381; baseline 0.004 -26"><span class='ocrx_word' id='word_1_196' title='bbox 163 3292 321 3378; x_wconf 86' lang='lat' dir='ltr'>Temporis</span> <span class='ocrx_word' id='word_1_197' title='bbox 336 3311 463 3374; x_wconf 78' lang='lat' dir='ltr'>etatem,</span> <span class='ocrx_word' id='word_1_198' title='bbox 478 3311 725 3381; x_wconf 89' lang='lat' dir='ltr'>venturorumque</span> <span class='ocrx_word' id='word_1_199' title='bbox 740 3311 893 3379; x_wconf 88' lang='lat' dir='ltr'>nepotum,</span> 
     </span>
    </p>

    <p class='ocr_par' dir='ltr' id='par_1_7' title="bbox 164 3390 914 3477">
     <span class='ocr_line' id='line_1_32' title="bbox 164 3390 914 3477; baseline 0.004 -24"><span class='ocrx_word' id='word_1_200' title='bbox 164 3390 361 3473; x_wconf 84' lang='lat' dir='ltr'>Prospiciens,</span> <span class='ocrx_word' id='word_1_201' title='bbox 376 3393 490 3475; x_wconf 88' lang='lat' dir='ltr'>prolem</span> <span class='ocrx_word' id='word_1_202' title='bbox 503 3392 608 3454; x_wconf 71' lang='lat' dir='ltr'>sancta</span> <span class='ocrx_word' id='word_1_203' title='bbox 621 3393 659 3454; x_wconf 93' lang='lat' dir='ltr'>de</span> <span class='ocrx_word' id='word_1_204' title='bbox 673 3393 799 3477; x_wconf 87' lang='lat' dir='ltr'>conjuge</span> <span class='ocrx_word' id='word_1_205' title='bbox 814 3405 914 3456; x_wconf 88' lang='lat' dir='ltr'>natam</span> 
     </span>
    </p>

    <p class='ocr_par' dir='ltr' id='par_1_8' title="bbox 164 3486 1135 3574">
     <span class='ocr_line' id='line_1_33' title="bbox 164 3486 1135 3574; baseline 0.002 -23"><span class='ocrx_word' id='word_1_206' title='bbox 164 3486 256 3553; x_wconf 85' lang='lat' dir='ltr'>Ferre</span> <span class='ocrx_word' id='word_1_207' title='bbox 271 3488 356 3552; x_wconf 86' lang='lat' dir='ltr'>simul</span> <span class='ocrx_word' id='word_1_208' title='bbox 365 3509 538 3573; x_wconf 85' lang='lat' dir='ltr'>nomenque</span> <span class='ocrx_word' id='word_1_209' title='bbox 553 3509 640 3551; x_wconf 88' lang='lat' dir='ltr'>suum</span> <span class='ocrx_word' id='word_1_210' title='bbox 654 3509 797 3572; x_wconf 85' lang='lat' dir='ltr'>curesque</span> <span class='ocrx_word' id='word_1_211' title='bbox 808 3487 934 3574; x_wconf 88' lang='lat' dir='ltr'>jubebit.</span> <span class='ocrx_word' id='word_1_212' title='bbox 1071 3489 1135 3552; x_wconf 78' lang='lat'>290</span> 
     </span>
    </p>
   </div>
   <div class='ocr_carea' id='block_1_4' title="bbox 0 0 1308 4218">
    <p class='ocr_par' dir='ltr' id='par_1_9' title="bbox 0 0 1308 4218">
     <span class='ocr_line' id='line_1_34' title="bbox 0 0 1308 4218; baseline 0 0"><span class='ocrx_word' id='word_1_213' title='bbox 0 0 1308 4218; x_wconf 95' lang='lat' dir='ltr'> </span> 
     </span>
    </p>
   </div>
  </div>
 </body>
</html>
