2608 4218
549 415 723 468 EPISTOLA
745 415 806 468 vn.

198 565 279 642 Quid
295 586 368 649 puer
381 566 538 644 Ascanius,
554 563 623 651 quid
637 565 669 630 di
683 555 817 630 meruere
833 565 977 650 penates?
1042 578 1050 600 ⁵

237 662 356 746 Ignibus
370 677 487 747 ereptos
502 665 605 726 obruet
619 664 698 726 unda
713 664 795 726 deos.
857 673 859 680 '

196 759 257 822 Sed
271 781 368 844 neque
383 760 440 823 sers
453 772 570 824 tecum:
593 759 660 837 n'ec,
676 781 740 844 que
754 759 836 837 mihi,
852 758 975 844 perfide,
985 757 1090 848 jactas,

238 855 414 920 Presserunt
428 858 565 920 humeros
580 879 661 919 secra
675 870 816 941 paterque
831 870 909 920 tuos.

187 952 306 1022 .0mnia
319 954 467 1016 mentiris:
490 975 545 1016 nec
560 955 639 1016 enim
654 967 705 1016 tua
719 952 819 1016 fallere
833 953 932 1036 lingua
1043 935 1068 1022 ,⁹
1123 950 1165 1012 ts

239 1049 346 1133 Incipit
359 1071 378 1114 a
390 1052 492 1127 nobis;
515 1051 666 1134 primaque
681 1050 794 1133 plector
808 1072 876 1132 ego.

197 1147 229 1210 Si
244 1169 364 1233 quaeras,
378 1148 427 1210 ubi
441 1149 479 1210 sit
489 1147 606 1211 formosi
621 1160 715 1210 mater
728 1145 802 1211 Iiili:

238 1244 366 1322 Occidit,
382 1267 399 1308 a
413 1245 487 1307 duro
500 1245 563 1307 sola
576 1245 677 1307 relicta
691 1245 764 1307 viro.

199 1340 264 1404 Nec
278 1342 348 1405 mihi
363 1363 446 1406 mens
461 1343 548 1404 dubia
562 1356 618 1420 est,
633 1343 703 1426 quin
718 1356 749 1404 te
762 1355 814 1404 tua
826 1341 947 1404 numine
962 1343 1112 1404 damnent.

239 1439 300 1502 Per
313 1461 404 1516 mare,
419 1461 473 1522 per
486 1454 576 1502 terras
591 1440 716 1522 septima
726 1439 818 1524 jactat
833 1439 939 1502 hiems.
1001 1443 1007 1453 '
1123 1438 1167 1500 80

197 1534 278 1598 Diva
294 1557 409 1620 parens,
424 1537 579 1620 seniorque
594 1550 686 1618 pater,
702 1537 750 1618 pia
763 1536 875 1597 sarcina
888 1536 961 1613 nati,

241 1633 334 1715 Spem
349 1633 420 1694 mihi
435 1633 562 1698 mansuri
577 1633 630 1694 rite
645 1631 755 1693 dedere
770 1630 833 1693 viri.
1001 1629 1004 1635 ’

197 1729 230 1792 Si
246 1729 300 1792 suit
314 1729 480 1806 errandum,
495 1750 598 1792 causas
613 1729 701 1791 habet
717 1749 796 1790 error
809 1728 965 1791 honestes:

241 1823 330 1888 Adde
345 1825 451 1902 fidem3
473 1825 555 1887 nullis
569 1839 651 1909 parte
667 1823 810 1908 pigendus
825 1825 890 1886 erit.

198 1922 295 1984 Durat
309 1922 339 1984 in
354 1935 531 1999 extremum,
549 1922 672 2006 vitaque
687 1922 844 1984 novissima
858 1935 962 1986 nostrae
1125 1924 1168 1985 85

240 2018 431 2103 Persequitur
445 2016 507 2095 sati,
523 2019 571 2103 qui
588 2017 641 2081 fuit
655 2018 734 2095 ante,
749 2031 842 2081 tenor.
896 2080 899 2088 ,

197 2114 316 2178 Occidit
329 2116 457 2200 internas
470 2116 582 2200 conjux
597 2129 740 2178 mactatus
755 2116 791 2178 ad
807 2133 887 2180 aras:

241 2211 283 2275 Et
297 2212 415 2274 sceleris
429 2211 501 2274 tanti
516 2213 634 2294 premia
648 2211 736 2274 frater
749 2213 849 2274 habet.

199 2309 295 2373 Exsul
310 2331 397 2392 ag0r3
418 2310 591 2394 cineresque
606 2310 669 2388 viri,
684 2309 866 2394 patriamque
881 2311 1032 2394 relinquo:

242 2407 283 2470 Et
298 2406 373 2470 seror
386 2408 414 2469 in
431 2408 527 2484 duras,
543 2407 627 2470 hoste
641 2419 796 2490 sequente,
812 2407 882 2470 vies.
1128 2408 1170 2472 90

181 2567 186 2576 ,
200 2505 343 2589 Applicor
356 2503 478 2586 ignotis:
502 2503 639 2588 fratrique
654 2503 756 2588 elapsa
769 2501 913 2588 fretoque,

241 2600 334 2674 Quod
348 2603 400 2665 tibi
414 2602 531 2678 donavi,
545 2601 667 2686 perfide,
682 2601 762 2664 littus
777 2621 854 2664 emo.

199 2695 312 2760 Urbem
325 2699 480 2776 constitui3
501 2698 619 2782 lat'eque
635 2699 765 2780 petentia
779 2697 830 2760 fixi

242 2793 368 2872 Moenia,
382 2795 508 2857 finitimis
523 2795 665 2859 invidiosa
678 2795 762 2857 locis.

129 2889 139 2903 ⁸
199 2889 287 2952 Bella
301 2891 433 2952 tument:
456 2892 540 2952 bellis
555 2892 708 2974 peregrina
722 2905 752 2953 et
766 2890 887 2954 soemine
900 2903 1012 2954 tentor:
1128 2895 1170 2957 95

209 2975 212 2982 ¹
245 2985 367 3069 Vi'ane
381 2985 468 3046 mdes
483 3001 581 3068 portas
596 2987 683 3065 urbis,
698 3001 729 3050 et
743 3008 832 3064 arma,
848 3009 931 3070 pano.

200 3083 286 3148 Mille
302 3083 398 3167 procis
413 3082 527 3166 placui:
551 3084 600 3167 qui
614 3105 663 3146 me
677 3085 787 3160 coiere,
803 3099 968 3168 querentes,

129 3207 134 3214 ·
243 3179 354 3244 Nescio
369 3201 458 3263 quem
473 3179 607 3242 thalamis
623 3179 812 3263 praeposuisse
827 3181 897 3243 suis.
955 3255 959 3268 ¹

201 3276 285 3352 Quid
300 3276 414 3340 dubitas
430 3276 560 3339 vinctam
575 3276 693 3340 Gaetulo
708 3278 821 3340 tradere
836 3267 948 3342 ltibaet

245 3375 424 3439 Praebuerim
439 3375 542 3438 sceleri
556 3374 675 3436 brachie
689 3388 787 3437 nostra
800 3387 860 3438 tuo.
1112 3379 1172 3438 100

203 3469 259 3534 Est
273 3473 362 3534 etiam
376 3471 480 3548 frater3
502 3470 586 3556 cujus
602 3493 705 3534 manus
720 3472 810 3555 impis
825 3474 917 3556 possit

246 3565 392 3652 Respergi
407 3582 517 3646 nostro,
532 3589 632 3652 sparsa
650 3589 753 3631 cruore
767 3569 830 3631 viri.
