<?xml version="1.0" encoding="UTF-8"?>
<!DOCTYPE html PUBLIC "-//W3C//DTD XHTML 1.0 Transitional//EN"
    "http://www.w3.org/TR/xhtml1/DTD/xhtml1-transitional.dtd">
<html xmlns="http://www.w3.org/1999/xhtml" xml:lang="en" lang="en">
 <head>
  <title>
</title>
<meta http-equiv="Content-Type" content="text/html;charset=utf-8" />
  <meta name='ocr-system' content='tesseract 3.04.00' />
  <meta name='ocr-capabilities' content='ocr_page ocr_carea ocr_par ocr_line ocrx_word'/>
</head>
<body>
  <div class='ocr_page' id='page_1' title='image "./excerptaexscrip04ovidgoog_0068.png"; bbox 0 0 2604 4216; ppageno 0'>
   <div class='ocr_carea' id='block_1_1' title="bbox 590 308 1208 404">
    <p class='ocr_par' dir='ltr' id='par_1_1' title="bbox 590 308 1208 404">
     <span class='ocr_line' id='line_1_1' title="bbox 590 308 1208 404; baseline 0 -10"><span class='ocrx_word' id='word_1_1' title='bbox 590 308 599 320; x_wconf 82' lang='grc'>’</span> <span class='ocrx_word' id='word_1_2' title='bbox 621 382 624 386; x_wconf 92' lang='grc'>.</span> <span class='ocrx_word' id='word_1_3' title='bbox 641 343 748 394; x_wconf 82' lang='lat' dir='ltr'><strong>ninus</strong></span> <span class='ocrx_word' id='word_1_4' title='bbox 763 342 808 394; x_wconf 89' lang='lat' dir='ltr'><strong>rv.</strong></span> <span class='ocrx_word' id='word_1_5' title='bbox 1166 339 1208 404; x_wconf 79' lang='lat'><strong>53</strong></span> 
     </span>
    </p>
   </div>
   <div class='ocr_carea' id='block_1_2' title="bbox 237 488 1180 674">
    <p class='ocr_par' dir='ltr' id='par_1_2' title="bbox 237 488 1180 674">
     <span class='ocr_line' id='line_1_2' title="bbox 237 488 1180 576; baseline 0.002 -20"><span class='ocrx_word' id='word_1_6' title='bbox 237 488 326 556; x_wconf 82' lang='lat' dir='ltr'><strong>Nunc</strong></span> <span class='ocrx_word' id='word_1_7' title='bbox 341 512 458 576; x_wconf 87' lang='lat' dir='ltr'><strong>quoque</strong></span> <span class='ocrx_word' id='word_1_8' title='bbox 473 513 529 556; x_wconf 84' lang='lat' dir='ltr'><strong>noo</strong></span> <span class='ocrx_word' id='word_1_9' title='bbox 545 491 658 574; x_wconf 83' lang='lat' dir='ltr'><strong>lugiunt</strong></span> <span class='ocrx_word' id='word_1_10' title='bbox 672 493 832 569; x_wconf 88' lang='lat' dir='ltr'><strong>hominem,</strong></span> <span class='ocrx_word' id='word_1_11' title='bbox 847 513 904 555; x_wconf 89' lang='lat' dir='ltr'><strong>nec</strong></span> <span class='ocrx_word' id='word_1_12' title='bbox 918 493 1040 556; x_wconf 87' lang='lat' dir='ltr'><strong>vulnere</strong></span> <span class='ocrx_word' id='word_1_13' title='bbox 1055 491 1180 558; x_wconf 82' lang='lat' dir='ltr'><strong>laedunt:</strong></span> 
     </span>
     <span class='ocr_line' id='line_1_3' title="bbox 237 585 1068 674; baseline 0.002 -24"><span class='ocrx_word' id='word_1_14' title='bbox 237 585 379 672; x_wconf 83' lang='lat' dir='ltr'><strong>Quidque</strong></span> <span class='ocrx_word' id='word_1_15' title='bbox 395 589 474 674; x_wconf 82' lang='lat' dir='ltr'><strong>prius</strong></span> <span class='ocrx_word' id='word_1_16' title='bbox 488 589 604 668; x_wconf 83' lang='lat' dir='ltr'>suerint,</span> <span class='ocrx_word' id='word_1_17' title='bbox 621 588 725 673; x_wconf 89' lang='lat' dir='ltr'><strong>placidi</strong></span> <span class='ocrx_word' id='word_1_18' title='bbox 740 589 901 656; x_wconf 73' lang='lat' dir='ltr'><strong>meminere</strong></span> <span class='ocrx_word' id='word_1_19' title='bbox 916 589 1068 653; x_wconf 83' lang='lat' dir='ltr'><strong>dracones.</strong></span> 
     </span>
    </p>
   </div>
   <div class='ocr_carea' id='block_1_3' title="bbox 473 770 967 846">
    <p class='ocr_par' dir='ltr' id='par_1_3' title="bbox 473 770 967 846">
     <span class='ocr_line' id='line_1_4' title="bbox 473 770 967 846; baseline 0.006 -2"><span class='ocrx_word' id='word_1_20' title='bbox 473 803 572 845; x_wconf 75' lang='lat' dir='ltr'><strong>sanus</strong></span> <span class='ocrx_word' id='word_1_21' title='bbox 596 803 630 846; x_wconf 88' lang='lat' dir='ltr'><strong>ru</strong></span> <span class='ocrx_word' id='word_1_22' title='bbox 650 770 787 846; x_wconf 37' lang='lat' dir='ltr'><strong>*noursr&#39;t</strong></span> <span class='ocrx_word' id='word_1_23' title='bbox 808 800 967 846; x_wconf 76' lang='lat' dir='ltr'><strong>ussurus.</strong></span> 
     </span>
    </p>
   </div>
   <div class='ocr_carea' id='block_1_4' title="bbox 660 954 833 1014">
    <p class='ocr_par' dir='ltr' id='par_1_4' title="bbox 660 954 833 1014">
     <span class='ocr_line' id='line_1_5' title="bbox 660 954 833 1014; baseline -0.006 0"><span class='ocrx_word' id='word_1_24' title='bbox 660 974 689 1014; x_wconf 85' lang='lat' dir='ltr'><strong>v.</strong></span> <span class='ocrx_word' id='word_1_25' title='bbox 707 954 780 1014; x_wconf 63' lang='lat'><strong>620.</strong></span> <span class='ocrx_word' id='word_1_26' title='bbox 828 960 833 969; x_wconf 91' lang='lat'><strong><em>‘</em></strong></span> 
     </span>
    </p>
   </div>
   <div class='ocr_carea' id='block_1_5' title="bbox 120 1067 1199 3484">
    <p class='ocr_par' dir='ltr' id='par_1_5' title="bbox 120 1067 1199 3484">
     <span class='ocr_line' id='line_1_6' title="bbox 275 1067 1008 1156; baseline 0.003 -22"><span class='ocrx_word' id='word_1_27' title='bbox 275 1067 348 1135; x_wconf 90' lang='lat' dir='ltr'><strong>lnde</strong></span> <span class='ocrx_word' id='word_1_28' title='bbox 363 1093 417 1156; x_wconf 89' lang='lat' dir='ltr'><strong>per</strong></span> <span class='ocrx_word' id='word_1_29' title='bbox 430 1072 605 1143; x_wconf 85' lang='lat' dir='ltr'><strong>immensum</strong></span> <span class='ocrx_word' id='word_1_30' title='bbox 619 1073 714 1136; x_wconf 84' lang='lat' dir='ltr'><strong>ventis</strong></span> <span class='ocrx_word' id='word_1_31' title='bbox 729 1071 910 1154; x_wconf 84' lang='lat' dir='ltr'>discordibus</span> <span class='ocrx_word' id='word_1_32' title='bbox 925 1085 1008 1136; x_wconf 84' lang='lat' dir='ltr'><strong>actsu</strong></span> 
     </span>
     <span class='ocr_line' id='line_1_7' title="bbox 233 1165 990 1253; baseline 0 -21"><span class='ocrx_word' id='word_1_33' title='bbox 233 1165 321 1232; x_wconf 89' lang='lat' dir='ltr'><strong>Nunc</strong></span> <span class='ocrx_word' id='word_1_34' title='bbox 336 1169 405 1248; x_wconf 89' lang='lat' dir='ltr'><strong>buc,</strong></span> <span class='ocrx_word' id='word_1_35' title='bbox 419 1192 499 1233; x_wconf 91' lang='lat' dir='ltr'><strong>nunc</strong></span> <span class='ocrx_word' id='word_1_36' title='bbox 513 1171 593 1248; x_wconf 91' lang='lat' dir='ltr'><strong>illuc,</strong></span> <span class='ocrx_word' id='word_1_37' title='bbox 608 1171 749 1253; x_wconf 84' lang='lat' dir='ltr'><strong>exemplo</strong></span> <span class='ocrx_word' id='word_1_38' title='bbox 762 1170 848 1232; x_wconf 89' lang='lat' dir='ltr'><strong>nubis</strong></span> <span class='ocrx_word' id='word_1_39' title='bbox 863 1191 990 1253; x_wconf 75' lang='lat' dir='ltr'><strong>aquosa,</strong></span> 
     </span>
     <span class='ocr_line' id='line_1_8' title="bbox 233 1263 902 1348; baseline 0 -20"><span class='ocrx_word' id='word_1_40' title='bbox 233 1264 350 1344; x_wconf 83' lang='lat' dir='ltr'><strong>Fertur,</strong></span> <span class='ocrx_word' id='word_1_41' title='bbox 366 1281 396 1330; x_wconf 90' lang='lat' dir='ltr'><strong>et</strong></span> <span class='ocrx_word' id='word_1_42' title='bbox 411 1287 449 1329; x_wconf 82' lang='lat' dir='ltr'><strong>ex</strong></span> <span class='ocrx_word' id='word_1_43' title='bbox 465 1267 524 1330; x_wconf 87' lang='lat' dir='ltr'><strong>alto</strong></span> <span class='ocrx_word' id='word_1_44' title='bbox 538 1267 676 1331; x_wconf 88' lang='lat' dir='ltr'><strong>seductas</strong></span> <span class='ocrx_word' id='word_1_45' title='bbox 688 1263 799 1328; x_wconf 79' lang='lat' dir='ltr'><strong>ethere</strong></span> <span class='ocrx_word' id='word_1_46' title='bbox 813 1266 902 1348; x_wconf 72' lang='lat' dir='ltr'><strong>longe</strong></span> 
     </span>
     <span class='ocr_line' id='line_1_9' title="bbox 232 1360 1004 1448; baseline 0.001 -23"><span class='ocrx_word' id='word_1_47' title='bbox 232 1360 397 1448; x_wconf 89' lang='lat' dir='ltr'><strong>Despectat</strong></span> <span class='ocrx_word' id='word_1_48' title='bbox 411 1378 520 1442; x_wconf 87' lang='lat' dir='ltr'><strong>terras;</strong></span> <span class='ocrx_word' id='word_1_49' title='bbox 540 1363 694 1448; x_wconf 86' lang='lat' dir='ltr'><strong>totumque</strong></span> <span class='ocrx_word' id='word_1_50' title='bbox 709 1364 877 1447; x_wconf 80' lang='lat' dir='ltr'><strong>supervolat</strong></span> <span class='ocrx_word' id='word_1_51' title='bbox 892 1364 1004 1428; x_wconf 85' lang='lat' dir='ltr'><strong>orbem.</strong></span> 
     </span>
     <span class='ocr_line' id='line_1_10' title="bbox 231 1451 969 1546; baseline 0.005 -25"><span class='ocrx_word' id='word_1_52' title='bbox 231 1458 295 1522; x_wconf 88' lang='lat' dir='ltr'><strong>Ter</strong></span> <span class='ocrx_word' id='word_1_53' title='bbox 309 1461 419 1542; x_wconf 86' lang='lat' dir='ltr'><strong>gelidas</strong></span> <span class='ocrx_word' id='word_1_54' title='bbox 433 1461 552 1539; x_wconf 86' lang='lat' dir='ltr'><strong>Arctos,</strong></span> <span class='ocrx_word' id='word_1_55' title='bbox 566 1451 612 1524; x_wconf 85' lang='lat' dir='ltr'><strong>ter</strong></span> <span class='ocrx_word' id='word_1_56' title='bbox 626 1461 734 1524; x_wconf 87' lang='lat' dir='ltr'><strong>Cancri</strong></span> <span class='ocrx_word' id='word_1_57' title='bbox 748 1461 866 1524; x_wconf 89' lang='lat' dir='ltr'><strong>brachia</strong></span> <span class='ocrx_word' id='word_1_58' title='bbox 881 1461 969 1546; x_wconf 83' lang='lat' dir='ltr'><strong>vidit:</strong></span> 
     </span>
     <span class='ocr_line' id='line_1_11' title="bbox 215 1555 966 1642; baseline 0.003 -24"><span class='ocrx_word' id='word_1_59' title='bbox 215 1555 319 1640; x_wconf 79' lang='lat' dir='ltr'><strong>¹Saepe</strong></span> <span class='ocrx_word' id='word_1_60' title='bbox 334 1558 388 1619; x_wconf 92' lang='lat' dir='ltr'><strong>sub</strong></span> <span class='ocrx_word' id='word_1_61' title='bbox 403 1579 536 1636; x_wconf 81' lang='lat' dir='ltr'><strong>occasus,</strong></span> <span class='ocrx_word' id='word_1_62' title='bbox 549 1579 627 1642; x_wconf 85' lang='lat' dir='ltr'><strong>saepe</strong></span> <span class='ocrx_word' id='word_1_63' title='bbox 643 1558 816 1620; x_wconf 74' lang='lat' dir='ltr'><strong>establatus</strong></span> <span class='ocrx_word' id='word_1_64' title='bbox 830 1557 860 1620; x_wconf 94' lang='lat' dir='ltr'><strong>in</strong></span> <span class='ocrx_word' id='word_1_65' title='bbox 875 1571 966 1620; x_wconf 89' lang='lat' dir='ltr'><strong>ortus.</strong></span> 
     </span>
     <span class='ocr_line' id='line_1_12' title="bbox 231 1652 983 1736; baseline 0.003 -22"><span class='ocrx_word' id='word_1_66' title='bbox 231 1652 360 1736; x_wconf 85' lang='lat' dir='ltr'><strong>Jamque</strong></span> <span class='ocrx_word' id='word_1_67' title='bbox 374 1655 499 1716; x_wconf 88' lang='lat' dir='ltr'><strong>cadente</strong></span> <span class='ocrx_word' id='word_1_68' title='bbox 514 1655 572 1732; x_wconf 89' lang='lat' dir='ltr'><strong>die,</strong></span> <span class='ocrx_word' id='word_1_69' title='bbox 586 1655 695 1716; x_wconf 88' lang='lat' dir='ltr'><strong>veritus</strong></span> <span class='ocrx_word' id='word_1_70' title='bbox 709 1676 741 1718; x_wconf 89' lang='lat' dir='ltr'><strong>se</strong></span> <span class='ocrx_word' id='word_1_71' title='bbox 757 1655 878 1716; x_wconf 89' lang='lat' dir='ltr'><strong>credere</strong></span> <span class='ocrx_word' id='word_1_72' title='bbox 893 1655 983 1732; x_wconf 89' lang='lat' dir='ltr'><strong>nocti,</strong></span> 
     </span>
     <span class='ocr_line' id='line_1_13' title="bbox 232 1747 959 1834; baseline 0 -22"><span class='ocrx_word' id='word_1_73' title='bbox 232 1748 375 1812; x_wconf 90' lang='lat' dir='ltr'><strong>Constitit</strong></span> <span class='ocrx_word' id='word_1_74' title='bbox 389 1747 547 1834; x_wconf 89' lang='lat' dir='ltr'><strong>Hesperio,</strong></span> <span class='ocrx_word' id='word_1_75' title='bbox 562 1751 659 1832; x_wconf 88' lang='lat' dir='ltr'><strong>regnis</strong></span> <span class='ocrx_word' id='word_1_76' title='bbox 673 1751 812 1828; x_wconf 80' lang='lat' dir='ltr'><strong>Atlantis,</strong></span> <span class='ocrx_word' id='word_1_77' title='bbox 826 1751 856 1813; x_wconf 91' lang='lat' dir='ltr'><strong>in</strong></span> <span class='ocrx_word' id='word_1_78' title='bbox 871 1751 959 1829; x_wconf 90' lang='lat' dir='ltr'><strong>orbe;</strong></span> 
     </span>
     <span class='ocr_line' id='line_1_14' title="bbox 229 1845 1011 1930; baseline 0.004 -22"><span class='ocrx_word' id='word_1_79' title='bbox 229 1845 441 1930; x_wconf 83' lang='lat' dir='ltr'><strong>Exiguamque</strong></span> <span class='ocrx_word' id='word_1_80' title='bbox 456 1847 532 1930; x_wconf 91' lang='lat' dir='ltr'><strong>petit</strong></span> <span class='ocrx_word' id='word_1_81' title='bbox 544 1847 686 1930; x_wconf 86' lang='lat' dir='ltr'><strong>requiem,</strong></span> <span class='ocrx_word' id='word_1_82' title='bbox 702 1848 774 1910; x_wconf 92' lang='lat' dir='ltr'><strong>dum</strong></span> <span class='ocrx_word' id='word_1_83' title='bbox 788 1847 911 1912; x_wconf 80' lang='lat' dir='ltr'><strong>Lucifer</strong></span> <span class='ocrx_word' id='word_1_84' title='bbox 924 1849 1011 1930; x_wconf 53' lang='lat' dir='ltr'><strong>ignes*</strong></span> 
     </span>
     <span class='ocr_line' id='line_1_15' title="bbox 229 1935 887 2022; baseline 0.002 -17"><span class='ocrx_word' id='word_1_85' title='bbox 229 1941 349 2007; x_wconf 86' lang='lat' dir='ltr'><strong>Evocet</strong></span> <span class='ocrx_word' id='word_1_86' title='bbox 363 1943 497 2021; x_wconf 85' lang='lat' dir='ltr'><strong>Aurorae,</strong></span> <span class='ocrx_word' id='word_1_87' title='bbox 511 1965 612 2006; x_wconf 87' lang='lat' dir='ltr'><strong>currus</strong></span> <span class='ocrx_word' id='word_1_88' title='bbox 627 1935 744 2007; x_wconf 77' lang='lat' dir='ltr'><strong>Aurora</strong></span> <span class='ocrx_word' id='word_1_89' title='bbox 755 1945 887 2022; x_wconf 85' lang='lat' dir='ltr'><strong>diurnos.</strong></span> 
     </span>
     <span class='ocr_line' id='line_1_16' title="bbox 272 2038 1053 2126; baseline 0.004 -23"><span class='ocrx_word' id='word_1_90' title='bbox 272 2038 332 2103; x_wconf 90' lang='lat' dir='ltr'><strong>Hic</strong></span> <span class='ocrx_word' id='word_1_91' title='bbox 347 2041 500 2104; x_wconf 91' lang='lat' dir='ltr'><strong>hominum</strong></span> <span class='ocrx_word' id='word_1_92' title='bbox 512 2055 636 2105; x_wconf 87' lang='lat' dir='ltr'><strong>cunctos</strong></span> <span class='ocrx_word' id='word_1_93' title='bbox 650 2041 761 2123; x_wconf 84' lang='lat' dir='ltr'><strong>ingenti</strong></span> <span class='ocrx_word' id='word_1_94' title='bbox 775 2063 899 2126; x_wconf 87' lang='lat' dir='ltr'><strong>corpore</strong></span> <span class='ocrx_word' id='word_1_95' title='bbox 913 2056 1053 2126; x_wconf 78' lang='lat' dir='ltr'><strong>prestans</strong></span> 
     </span>
     <span class='ocr_line' id='line_1_17' title="bbox 228 2137 901 2222; baseline 0.009 -22"><span class='ocrx_word' id='word_1_96' title='bbox 228 2137 430 2222; x_wconf 88' lang='lat' dir='ltr'><strong>Japetionides</strong></span> <span class='ocrx_word' id='word_1_97' title='bbox 444 2138 530 2200; x_wconf 87' lang='lat' dir='ltr'><strong>Atlas</strong></span> <span class='ocrx_word' id='word_1_98' title='bbox 545 2138 609 2202; x_wconf 88' lang='lat' dir='ltr'><strong>fuit.</strong></span> <span class='ocrx_word' id='word_1_99' title='bbox 652 2138 767 2203; x_wconf 90' lang='lat' dir='ltr'><strong>Ultima</strong></span> <span class='ocrx_word' id='word_1_100' title='bbox 780 2140 867 2205; x_wconf 90' lang='lat' dir='ltr'><strong>tellus</strong></span> <span class='ocrx_word' id='word_1_101' title='bbox 896 2159 901 2165; x_wconf 85' lang='grc'><em>“</em></span> 
     </span>
     <span class='ocr_line' id='line_1_18' title="bbox 120 2233 999 2320; baseline 0.003 -24"><span class='ocrx_word' id='word_1_102' title='bbox 120 2249 123 2254; x_wconf 88' lang='grc'><em>·</em></span> <span class='ocrx_word' id='word_1_103' title='bbox 230 2233 317 2316; x_wconf 91' lang='lat' dir='ltr'><strong>Rege</strong></span> <span class='ocrx_word' id='word_1_104' title='bbox 332 2236 386 2298; x_wconf 88' lang='lat' dir='ltr'><strong>sub</strong></span> <span class='ocrx_word' id='word_1_105' title='bbox 400 2236 468 2312; x_wconf 92' lang='lat' dir='ltr'><strong>hoc,</strong></span> <span class='ocrx_word' id='word_1_106' title='bbox 484 2249 514 2298; x_wconf 92' lang='lat' dir='ltr'><strong>et</strong></span> <span class='ocrx_word' id='word_1_107' title='bbox 528 2248 635 2318; x_wconf 87' lang='lat' dir='ltr'><strong>pontus</strong></span> <span class='ocrx_word' id='word_1_108' title='bbox 650 2249 722 2312; x_wconf 88' lang='lat' dir='ltr'><strong>erat,</strong></span> <span class='ocrx_word' id='word_1_109' title='bbox 738 2237 787 2320; x_wconf 92' lang='lat' dir='ltr'><strong>qui</strong></span> <span class='ocrx_word' id='word_1_110' title='bbox 802 2237 871 2298; x_wconf 83' lang='lat' dir='ltr'><strong>solis</strong></span> <span class='ocrx_word' id='word_1_111' title='bbox 885 2236 999 2300; x_wconf 84' lang='lat' dir='ltr'><strong>anhelis</strong></span> 
     </span>
     <span class='ocr_line' id='line_1_19' title="bbox 229 2330 958 2416; baseline 0.001 -23"><span class='ocrx_word' id='word_1_112' title='bbox 229 2331 361 2416; x_wconf 84' lang='lat' dir='ltr'><strong>AEquora</strong></span> <span class='ocrx_word' id='word_1_113' title='bbox 375 2332 472 2394; x_wconf 86' lang='lat' dir='ltr'><strong>subdit</strong></span> <span class='ocrx_word' id='word_1_114' title='bbox 487 2332 581 2416; x_wconf 86' lang='lat' dir='ltr'><strong>equis,</strong></span> <span class='ocrx_word' id='word_1_115' title='bbox 596 2345 627 2416; x_wconf 87' lang='lat' dir='ltr'><strong>et</strong></span> <span class='ocrx_word' id='word_1_116' title='bbox 642 2330 733 2394; x_wconf 84' lang='lat' dir='ltr'><strong>fessos</strong></span> <span class='ocrx_word' id='word_1_117' title='bbox 749 2333 861 2415; x_wconf 85' lang='lat' dir='ltr'><strong>excipit</strong></span> <span class='ocrx_word' id='word_1_118' title='bbox 874 2352 958 2402; x_wconf 82' lang='lat' dir='ltr'><strong>axes.</strong></span> 
     </span>
     <span class='ocr_line' id='line_1_20' title="bbox 229 2427 1030 2515; baseline 0.001 -24"><span class='ocrx_word' id='word_1_119' title='bbox 229 2427 313 2492; x_wconf 90' lang='lat' dir='ltr'><strong>Mille</strong></span> <span class='ocrx_word' id='word_1_120' title='bbox 328 2449 431 2512; x_wconf 84' lang='lat' dir='ltr'><strong>greges</strong></span> <span class='ocrx_word' id='word_1_121' title='bbox 446 2427 695 2512; x_wconf 65' lang='lat' dir='ltr'><strong>intendensque</strong></span> <span class='ocrx_word' id='word_1_122' title='bbox 711 2442 843 2515; x_wconf 82' lang='lat' dir='ltr'><strong>armenta</strong></span> <span class='ocrx_word' id='word_1_123' title='bbox 856 2451 913 2512; x_wconf 88' lang='lat' dir='ltr'><strong>per</strong></span> <span class='ocrx_word' id='word_1_124' title='bbox 924 2429 1030 2492; x_wconf 85' lang='lat' dir='ltr'><strong>herbas</strong></span> 
     </span>
     <span class='ocr_line' id='line_1_21' title="bbox 154 2525 992 2613; baseline 0 -25"><span class='ocrx_word' id='word_1_125' title='bbox 154 2608 157 2613; x_wconf 89' lang='lat'><em>.</em></span> <span class='ocrx_word' id='word_1_126' title='bbox 228 2525 389 2590; x_wconf 88' lang='lat' dir='ltr'><strong>Errabant:</strong></span> <span class='ocrx_word' id='word_1_127' title='bbox 412 2540 443 2589; x_wconf 91' lang='lat' dir='ltr'><strong>et</strong></span> <span class='ocrx_word' id='word_1_128' title='bbox 457 2527 579 2590; x_wconf 86' lang='lat' dir='ltr'><strong>humum</strong></span> <span class='ocrx_word' id='word_1_129' title='bbox 594 2526 700 2589; x_wconf 86' lang='lat' dir='ltr'><strong>vicinia</strong></span> <span class='ocrx_word' id='word_1_130' title='bbox 714 2527 794 2588; x_wconf 87' lang='lat' dir='ltr'><strong>nulla</strong></span> <span class='ocrx_word' id='word_1_131' title='bbox 807 2526 992 2609; x_wconf 85' lang='lat' dir='ltr'><strong>premebant.</strong></span> 
     </span>
     <span class='ocr_line' id='line_1_22' title="bbox 228 2622 894 2701; baseline 0 -15"><span class='ocrx_word' id='word_1_132' title='bbox 228 2623 367 2686; x_wconf 86' lang='lat' dir='ltr'><strong>Arboreae</strong></span> <span class='ocrx_word' id='word_1_133' title='bbox 382 2622 509 2701; x_wconf 87' lang='lat' dir='ltr'><strong>frondes,</strong></span> <span class='ocrx_word' id='word_1_134' title='bbox 524 2644 596 2686; x_wconf 87' lang='lat' dir='ltr'><strong>auro</strong></span> <span class='ocrx_word' id='word_1_135' title='bbox 610 2623 741 2686; x_wconf 83' lang='lat' dir='ltr'><strong>radiante</strong></span> <span class='ocrx_word' id='word_1_136' title='bbox 757 2623 894 2701; x_wconf 88' lang='lat' dir='ltr'><strong>virentes,</strong></span> 
     </span>
     <span class='ocr_line' id='line_1_23' title="bbox 228 2719 891 2805; baseline 0.003 -23"><span class='ocrx_word' id='word_1_137' title='bbox 228 2719 279 2783; x_wconf 84' lang='lat' dir='ltr'><strong>Ex</strong></span> <span class='ocrx_word' id='word_1_138' title='bbox 294 2743 365 2783; x_wconf 86' lang='lat' dir='ltr'><strong>auro</strong></span> <span class='ocrx_word' id='word_1_139' title='bbox 378 2740 484 2799; x_wconf 86' lang='lat' dir='ltr'><strong>ramos,</strong></span> <span class='ocrx_word' id='word_1_140' title='bbox 499 2743 540 2783; x_wconf 88' lang='lat' dir='ltr'><strong>ex</strong></span> <span class='ocrx_word' id='word_1_141' title='bbox 553 2741 624 2784; x_wconf 86' lang='lat' dir='ltr'><strong>auro</strong></span> <span class='ocrx_word' id='word_1_142' title='bbox 639 2743 729 2805; x_wconf 88' lang='lat' dir='ltr'><strong>poma</strong></span> <span class='ocrx_word' id='word_1_143' title='bbox 742 2722 891 2804; x_wconf 85' lang='lat' dir='ltr'><strong>tegebant.</strong></span> 
     </span>
     <span class='ocr_line' id='line_1_24' title="bbox 228 2817 952 2902; baseline 0.001 -22"><span class='ocrx_word' id='word_1_144' title='bbox 228 2817 387 2901; x_wconf 69' lang='lat' dir='ltr'><strong>‘Hospes3&#39;</strong></span> <span class='ocrx_word' id='word_1_145' title='bbox 404 2819 443 2882; x_wconf 88' lang='lat' dir='ltr'><strong>ait</strong></span> <span class='ocrx_word' id='word_1_146' title='bbox 456 2818 585 2881; x_wconf 89' lang='lat' dir='ltr'><strong>Perseus</strong></span> <span class='ocrx_word' id='word_1_147' title='bbox 600 2818 651 2895; x_wconf 89' lang='lat' dir='ltr'><strong>illi,</strong></span> <span class='ocrx_word' id='word_1_148' title='bbox 667 2825 738 2880; x_wconf 89' lang='lat' dir='ltr'><strong>‘seu</strong></span> <span class='ocrx_word' id='word_1_149' title='bbox 753 2819 844 2900; x_wconf 88' lang='lat' dir='ltr'><strong>gloria</strong></span> <span class='ocrx_word' id='word_1_150' title='bbox 859 2819 952 2902; x_wconf 89' lang='lat' dir='ltr'><strong>tangit</strong></span> 
     </span>
     <span class='ocr_line' id='line_1_25' title="bbox 228 2911 1027 2998; baseline 0.004 -22"><span class='ocrx_word' id='word_1_151' title='bbox 228 2911 276 2978; x_wconf 89' lang='lat' dir='ltr'><strong>Te</strong></span> <span class='ocrx_word' id='word_1_152' title='bbox 291 2915 406 2998; x_wconf 86' lang='lat' dir='ltr'><strong>generis</strong></span> <span class='ocrx_word' id='word_1_153' title='bbox 420 2915 537 2996; x_wconf 86' lang='lat' dir='ltr'><strong>magni3</strong></span> <span class='ocrx_word' id='word_1_154' title='bbox 560 2915 674 2996; x_wconf 87' lang='lat' dir='ltr'><strong>generis</strong></span> <span class='ocrx_word' id='word_1_155' title='bbox 688 2915 761 2977; x_wconf 92' lang='lat' dir='ltr'><strong>mihi</strong></span> <span class='ocrx_word' id='word_1_156' title='bbox 774 2915 892 2998; x_wconf 87' lang='lat' dir='ltr'><strong>Jupiter</strong></span> <span class='ocrx_word' id='word_1_157' title='bbox 903 2928 1027 2979; x_wconf 64' lang='lat' dir='ltr'><strong>‘aneton</strong></span> 
     </span>
     <span class='ocr_line' id='line_1_26' title="bbox 228 3010 912 3088; baseline 0.001 -15"><span class='ocrx_word' id='word_1_158' title='bbox 228 3011 299 3074; x_wconf 88' lang='lat' dir='ltr'><strong>Sive</strong></span> <span class='ocrx_word' id='word_1_159' title='bbox 315 3032 348 3074; x_wconf 89' lang='lat' dir='ltr'><strong>es</strong></span> <span class='ocrx_word' id='word_1_160' title='bbox 362 3011 481 3073; x_wconf 86' lang='lat' dir='ltr'><strong>mirator</strong></span> <span class='ocrx_word' id='word_1_161' title='bbox 495 3031 610 3088; x_wconf 85' lang='lat' dir='ltr'><strong>rerum3</strong></span> <span class='ocrx_word' id='word_1_162' title='bbox 631 3010 775 3074; x_wconf 86' lang='lat' dir='ltr'><strong>mirabere</strong></span> <span class='ocrx_word' id='word_1_163' title='bbox 790 3026 912 3074; x_wconf 88' lang='lat' dir='ltr'><strong>nostras.</strong></span> 
     </span>
     <span class='ocr_line' id='line_1_27' title="bbox 228 3107 1199 3194; baseline 0.001 -20"><span class='ocrx_word' id='word_1_164' title='bbox 228 3107 400 3194; x_wconf 88' lang='lat' dir='ltr'><strong>Hospitium</strong></span> <span class='ocrx_word' id='word_1_165' title='bbox 415 3107 606 3192; x_wconf 88' lang='lat' dir='ltr'><strong>requiemque</strong></span> <span class='ocrx_word' id='word_1_166' title='bbox 621 3108 715 3192; x_wconf 68' lang='lat' dir='ltr'><strong>peto!</strong></span> <span class='ocrx_word' id='word_1_167' title='bbox 759 3107 879 3172; x_wconf 89' lang='lat' dir='ltr'><strong>Memor</strong></span> <span class='ocrx_word' id='word_1_168' title='bbox 892 3107 941 3173; x_wconf 93' lang='lat' dir='ltr'><strong>ille</strong></span> <span class='ocrx_word' id='word_1_169' title='bbox 957 3124 1083 3178; x_wconf 47' lang='lat' dir='ltr'><strong>vetuste*</strong></span> <span class='ocrx_word' id='word_1_170' title='bbox 1136 3111 1199 3175; x_wconf 77' lang='lat'><strong>285</strong></span> 
     </span>
     <span class='ocr_line' id='line_1_28' title="bbox 227 3203 1113 3296; baseline 0.001 -25"><span class='ocrx_word' id='word_1_171' title='bbox 227 3207 320 3270; x_wconf 85' lang='lat' dir='ltr'><strong>Sortis</strong></span> <span class='ocrx_word' id='word_1_172' title='bbox 335 3220 414 3270; x_wconf 90' lang='lat' dir='ltr'><strong>erat:</strong></span> <span class='ocrx_word' id='word_1_173' title='bbox 439 3203 579 3292; x_wconf 81' lang='lat' dir='ltr'><strong>(Themis</strong></span> <span class='ocrx_word' id='word_1_174' title='bbox 594 3206 670 3268; x_wconf 91' lang='lat' dir='ltr'><strong>hanc</strong></span> <span class='ocrx_word' id='word_1_175' title='bbox 685 3205 805 3270; x_wconf 86' lang='lat' dir='ltr'><strong>dederat</strong></span> <span class='ocrx_word' id='word_1_176' title='bbox 819 3205 974 3272; x_wconf 87' lang='lat' dir='ltr'><strong>Parnassia</strong></span> <span class='ocrx_word' id='word_1_177' title='bbox 987 3205 1113 3296; x_wconf 89' lang='lat' dir='ltr'><strong>sortem)</strong></span> 
     </span>
     <span class='ocr_line' id='line_1_29' title="bbox 228 3302 1020 3389; baseline 0.003 -23"><span class='ocrx_word' id='word_1_178' title='bbox 228 3311 237 3342; x_wconf 90' lang='lat'>‘</span> <span class='ocrx_word' id='word_1_179' title='bbox 245 3305 391 3388; x_wconf 84' lang='lat' dir='ltr'><strong>Ternpus,</strong></span> <span class='ocrx_word' id='word_1_180' title='bbox 406 3304 489 3380; x_wconf 82' lang='lat' dir='ltr'><strong>Atta,</strong></span> <span class='ocrx_word' id='word_1_181' title='bbox 504 3302 613 3381; x_wconf 87' lang='lat' dir='ltr'><strong>veniet,</strong></span> <span class='ocrx_word' id='word_1_182' title='bbox 628 3316 679 3366; x_wconf 89' lang='lat' dir='ltr'><strong>tua</strong></span> <span class='ocrx_word' id='word_1_183' title='bbox 693 3323 754 3387; x_wconf 91' lang='lat' dir='ltr'><strong>quo</strong></span> <span class='ocrx_word' id='word_1_184' title='bbox 765 3305 936 3389; x_wconf 88' lang='lat' dir='ltr'><strong>spoliabitur</strong></span> <span class='ocrx_word' id='word_1_185' title='bbox 949 3327 1020 3369; x_wconf 89' lang='lat' dir='ltr'><strong>auro</strong></span> 
     </span>
     <span class='ocr_line' id='line_1_30' title="bbox 220 3401 1085 3484; baseline -0.001 -19"><span class='ocrx_word' id='word_1_186' title='bbox 220 3402 339 3465; x_wconf 78' lang='lat' dir='ltr'><strong>Arbor:</strong></span> <span class='ocrx_word' id='word_1_187' title='bbox 364 3415 394 3464; x_wconf 90' lang='lat' dir='ltr'><strong>et</strong></span> <span class='ocrx_word' id='word_1_188' title='bbox 408 3401 489 3464; x_wconf 90' lang='lat' dir='ltr'><strong>hunc</strong></span> <span class='ocrx_word' id='word_1_189' title='bbox 503 3401 608 3484; x_wconf 81' lang='lat' dir='ltr'><strong>praedae</strong></span> <span class='ocrx_word' id='word_1_190' title='bbox 623 3401 740 3464; x_wconf 90' lang='lat' dir='ltr'><strong>titulum</strong></span> <span class='ocrx_word' id='word_1_191' title='bbox 754 3401 833 3465; x_wconf 84' lang='lat' dir='ltr'><strong>Jove</strong></span> <span class='ocrx_word' id='word_1_192' title='bbox 846 3417 931 3466; x_wconf 85' lang='lat' dir='ltr'><strong>natus</strong></span> <span class='ocrx_word' id='word_1_193' title='bbox 946 3402 1085 3466; x_wconf 68' lang='lat' dir='ltr'><strong>habebit:</strong></span> 
     </span>
    </p>
   </div>
   <div class='ocr_carea' id='block_1_6' title="bbox 227 3495 943 3658">
    <p class='ocr_par' dir='ltr' id='par_1_6' title="bbox 227 3495 943 3658">
     <span class='ocr_line' id='line_1_31' title="bbox 227 3495 943 3636; baseline 0.004 -76"><span class='ocrx_word' id='word_1_194' title='bbox 227 3495 262 3561; x_wconf 91' lang='lat' dir='ltr'><strong>ld</strong></span> <span class='ocrx_word' id='word_1_195' title='bbox 276 3512 422 3578; x_wconf 85' lang='lat' dir='ltr'><strong>metuens,</strong></span> <span class='ocrx_word' id='word_1_196' title='bbox 435 3497 534 3636; x_wconf 64' lang='lat' dir='ltr'><strong>solidip</strong></span> <span class='ocrx_word' id='word_1_197' title='bbox 549 3501 680 3583; x_wconf 88' lang='lat' dir='ltr'><strong>pomaria</strong></span> <span class='ocrx_word' id='word_1_198' title='bbox 694 3499 838 3562; x_wconf 89' lang='lat' dir='ltr'><strong>clauserat</strong></span> <span class='ocrx_word' id='word_1_199' title='bbox 856 3500 943 3563; x_wconf 86' lang='lat' dir='ltr'><strong>Atlas</strong></span> 
     </span>
     <span class='ocr_line' id='line_1_32' title="bbox 481 3598 502 3658; baseline 0 0"><span class='ocrx_word' id='word_1_200' title='bbox 481 3598 502 3658; x_wconf 81' lang='lat'>5</span> 
     </span>
    </p>
   </div>
   <div class='ocr_carea' id='block_1_7' title="bbox 0 0 1306 4216">
    <p class='ocr_par' dir='ltr' id='par_1_7' title="bbox 0 0 1306 4216">
     <span class='ocr_line' id='line_1_33' title="bbox 0 0 1306 4216; baseline 0 2"><span class='ocrx_word' id='word_1_201' title='bbox 0 0 1306 4216; x_wconf 95' lang='lat' dir='ltr'><strong> </strong></span> 
     </span>
    </p>
   </div>
  </div>
 </body>
</html>
