2604 4216
600 355 708 406 LIBER
731 353 764 404 11.

195 504 362 591 (Presserat
375 525 427 568 ora
441 501 558 588 vapor,)
576 510 684 566 ‘tostos
698 523 735 564 en
751 501 869 586 adspice
884 501 988 579 crines,

194 603 287 686 Inque
301 601 394 666 oculis
408 615 532 676 tanturn,
546 613 660 662 tantum
673 619 763 680 super
776 620 825 660 ora
840 597 954 660 favilla.

194 699 298 762 Hosne
314 698 385 761 mihi
400 697 520 773 fructus,
535 697 614 760 hunc
629 695 781 758 fertilitatis
796 695 936 758 honorem

193 796 352 879 Officiique
367 792 475 869 refers3
499 793 577 876 qudd
594 793 699 855 adunci
714 792 945 870 vulneraaratri,
1101 793 1164 856 285

194 892 428 974 Rastrorumque
443 889 515 965 lem,
530 903 653 972 totoque
666 910 808 950 exerceor
822 891 920 952 anno?

195 987 289 1061 Qudd
304 987 404 1070 pecori
418 986 544 1061 frondes
559 986 755 1072 alimentaque
770 984 863 1060 mitia,
878 983 984 1068 fruges,

195 1084 334 1147 Humano
348 1084 457 1165 generi,
472 1082 551 1144 vobis
566 1081 645 1165 qudd
660 1083 743 1144 thura
758 1081 909 1144 ministro?

195 1181 256 1244 Sed
272 1196 369 1243 tamen
384 1180 507 1242 exitium
522 1178 568 1245 fac
582 1201 631 1240 me
645 1179 803 1240 meruisse:
827 1178 897 1261 quid
912 1178 1007 1254 undae,

195 1276 280 1350 Quid
294 1277 398 1339 meruit
412 1275 518 1338 frater?
562 1274 627 1338 Cur
640 1275 681 1338 illi
695 1275 799 1337 tradita
815 1287 891 1356 sorte
1101 1277 1164 1338 290

195 1373 328 1458 AEquora
343 1373 525 1450 decrescunt,
540 1387 571 1436 et
585 1373 621 1434 ab
636 1373 744 1434 ethere
759 1372 872 1453 longids
888 1373 1013 1434 absunt?

195 1470 289 1544 Quod
303 1471 328 1533 si
341 1493 396 1534 neo
412 1470 515 1547 fratris,
528 1491 585 1532 nec
599 1483 629 1530 te
645 1490 712 1530 mea
725 1469 817 1550 gratia
832 1469 924 1565 tangit
932 1490 941 1545 ;

195 1567 239 1630 At
253 1569 322 1632 oceli
336 1568 473 1630 miserere
488 1556 569 1660 t'nilq
585 1564 790 1647 Circumspice
805 1579 980 1647 utrumque;

195 1663 306 1728 Fumat
319 1677 442 1746 uterque
457 1663 558 1746 polus':
582 1660 693 1744 quossi
708 1661 854 1722 vitiaverit
868 1660 952 1741 ignis,

195 1761 280 1824 Atria
296 1772 391 1824 vestra
404 1771 501 1820 ruent.
545 1758 630 1820 Atlas
645 1777 683 1817 en
696 1757 760 1838 ipse
774 1756 902 1818 laborat:
1063 1825 1066 1830 ,
1102 1757 1164 1820 295

197 1855 318 1940 Vixque
332 1856 391 1918 suis
405 1854 532 1918 humeris
546 1853 721 1918 candentem
734 1853 858 1916 sustinet
872 1873 970 1918 axem.

196 1952 228 2016 Si
243 1952 326 2029 freta,
340 1953 364 2016 si
378 1964 460 2018 terra
476 1962 610 2034 pereunt,
624 1949 649 2010 si
664 1949 745 2031 regia
758 1948 845 2025 ooeli3
949 1935 953 1944 ¹

195 2048 230 2112 ln
244 2048 333 2112 chaos
348 2048 498 2130 antiquum
512 2039 727 2110 confundimur.
771 2045 864 2130 Eripe
879 2045 1014 2124 flammis,

195 2145 228 2207 Si
244 2145 313 2227 quid
327 2144 422 2207 adhuc
437 2157 585 2226 superest:
609 2157 639 2204 et
650 2161 750 2204 rerum
765 2144 885 2206 consule
900 2144 1043 2206 summae!

196 2241 321 2304 Dixerat
335 2242 398 2302 haee
412 2239 534 2302 Tellus:
557 2239 749 2322 nequeenim
764 2240 888 2302 tolerare
904 2261 1044 2322 vaporem
1100 2241 1164 2302 300

195 2337 325 2400 Ulterids
340 2337 444 2421 potuit,
459 2357 514 2398 nec
529 2336 628 2398 dicere
642 2337 743 2418 plura:
766 2355 910 2418 suumque

195 2435 309 2499 Retulit
324 2457 356 2497 os
371 2435 400 2496 in
414 2455 457 2512 se,
471 2421 666 2518 propioraque
679 2433 815 2496 manibus
829 2446 921 2494 antra.
1002 2463 1007 2475 =

195 2561 199 2568 ·
237 2532 280 2594 At
294 2545 377 2614 pater
390 2531 575 2613 omnipotens
590 2551 711 2614 superos
726 2543 858 2606 testatus,
873 2541 904 2593 et
918 2529 1026 2611 ipsum,

195 2629 258 2702 Qui
272 2621 391 2690 dederat
405 2649 515 2705 currus,
530 2627 585 2690 nisi
599 2649 689 2710 opem
703 2625 786 2704 serat,
801 2626 899 2689 omnia
912 2625 999 2734 fat&

120 2737 125 2748 ’
195 2725 348 2811 lqteritura
362 2725 463 2806 gravi3
484 2745 630 2788 summam
645 2724 720 2808 petit
733 2723 839 2788 arduus
854 2743 972 2800 arcem:
1101 2724 1164 2786 305

194 2821 283 2885 Unde
299 2824 373 2884 solet
387 2821 451 2883 latis
466 2823 559 2884 nubes
573 2821 712 2884 inducere
727 2820 823 2882 terris:

194 2919 284 2982 Unde
300 2931 399 2980 movet
413 2918 545 2993 tonitrus,
561 2918 730 3002 vibrataque
745 2916 866 2979 fulmina
877 2916 979 3000 jactat.

196 3015 258 3080 Sed
273 3035 381 3097 neque,
398 3035 469 3098 quas
484 3027 583 3096 posset
597 3014 679 3075 terris
694 3013 845 3089 inducere,
859 3012 953 3074 nubes

195 3113 285 3174 Tunc
300 3111 418 3176 habuit:
442 3132 508 3188 nec,
525 3131 597 3194 quos
611 3110 690 3172 coelo
706 3109 874 3186 dimitteret,
890 3109 1007 3182 imbres,

195 3210 327 3272 Intonat:
350 3223 381 3272 et
396 3207 502 3271 dextri
515 3209 653 3271 libratum
667 3206 778 3270 fulmen
793 3207 830 3271 ab
845 3221 914 3271 au're
1102 3209 1165 3271 310

195 3307 277 3368 Misit
292 3307 321 3368 in
336 3307 483 3389 aurigam:
506 3308 674 3392 pariterque
689 3306 844 3390 animique
859 3301 987 3390 rotisque

195 3403 331 3487 Expulit,
347 3416 377 3465 et
391 3404 473 3466 savis
487 3404 671 3489 compescuit
684 3404 799 3485 ignibus
815 3403 909 3486 ignes.

196 3499 427 3600 Consternantur
441 3501 526 3585 equi:
549 3516 580 3565 et
594 3501 713 3564 saltuin
727 3500 869 3564 contraria
884 3498 961 3563 sacto
