2608 4218
171 321 231 386 114
479 323 825 410 uernuonrnosnou

167 475 263 540 Fama
277 487 370 551 tenet,
386 473 559 558 summaque
575 473 697 535 domurn
711 473 765 534 sibi
778 473 850 555 legit
863 473 892 534 in
909 493 997 538 arce:
1089 453 1098 476 '
1117 475 1142 536 5

167 571 398 654 Innumerosque
413 571 517 646 aditus,
533 592 568 632 ac
582 570 662 632 mille
677 569 817 632 foramina
831 569 928 631 tectis

170 668 302 744 Addidit,
316 681 347 730 et
361 668 446 754 nullis
461 665 576 730 inclusit
589 665 690 728 limina
703 665 804 748 portis.
943 665 945 672 '

167 761 266 828 Nocte
280 763 387 847 dieque
403 776 515 847 patent.
559 763 640 824 Tota
654 775 699 823 est
713 783 752 824 ex
768 782 836 822 aure
851 760 982 839 sonanti:
1003 755 1007 760 ’

167 859 247 922 Tota
261 849 373 923 sternit:
397 881 544 942 vocesque
559 857 666 921 refert:
689 859 831 940 iteratque
848 857 926 940 quod
941 856 1031 919 audit.

168 955 259 1021 Nulla
273 957 355 1040 quies
370 957 456 1034 intus,
471 955 610 1038 nullique
624 954 738 1016 silentia
754 968 846 1036 parte.

167 1051 235 1115 Nec
249 1067 347 1115 tamen
362 1066 407 1116 est
421 1041 607 1126 clamor‚''sed
624 1071 720 1133 parvae
735 1070 883 1112 murmura
899 1049 993 1112 vocis:

167 1147 278 1222 Qualia
293 1150 330 1210 de
345 1149 452 1232 pelagi,
467 1147 491 1210 si
506 1148 570 1231 quis
585 1147 687 1229 procul
702 1135 811 1222 audiat,
825 1147 909 1208 undis

167 1243 369 1310 Essesolent:
393 1245 548 1329 qualemve
562 1265 678 1320 sonum,
692 1242 761 1304 cnm
775 1241 892 1325 Jupiter
907 1255 981 1330 atras
1029 1305 1031 1310 ,
1071 1235 1074 1240 ’

166 1339 317 1424 Increpuit
331 1342 435 1418 nubes,
450 1355 583 1404 extrema
598 1341 724 1402 tonitrua
737 1340 873 1401 reddunt.

168 1438 253 1499 Atria
267 1436 351 1500 turba
364 1452 482 1500 tenent:
506 1437 627 1498 veniunt
641 1437 707 1498 leve
723 1435 838 1516 vulgus,
852 1446 1000 1516 euntque:

167 1532 324 1616 Mixtaque
338 1555 406 1596 oum
421 1534 496 1596 veris
512 1532 620 1616 passim
634 1546 802 1593 commenta
817 1544 959 1612 vagantur

167 1628 263 1691 Millia
276 1651 442 1692 rumorum:
465 1628 644 1710 confusaque
660 1627 748 1690 verba
764 1627 907 1688 volutant.

167 1725 198 1788 Ε
212 1727 318 1810 quibus
332 1727 362 1788 hi
376 1748 484 1789 vacuas
499 1726 622 1808 implent
636 1725 818 1786 sermonibus
834 1745 935 1785 aures:

167 1821 208 1884 Hi
224 1837 338 1884 narrata
352 1823 448 1884 ferunt
463 1823 536 1884 alid:
561 1843 756 1910 mensuraque
771 1821 829 1884 ficti
919 1843 923 1848 ·

167 1917 302 1995 C'reaoit3
323 1932 354 1979 et
368 1919 472 1979 auditis
487 1918 594 2007 aliquid
610 1939 703 1978 novus
718 1916 816 2003 adjicit
830 1929 941 1978 auctor.

167 2014 231 2076 lllic
245 2013 424 2090 Credulitas,
439 2013 497 2075 illic
513 2013 682 2074 temerarius
697 2009 796 2089 Error,

154 2109 312 2194 Vanaque
327 2109 441 2173 Latitia
456 2123 511 2186 est,
525 2108 760 2191 consternatique
775 2104 922 2186 Timores,
1023 2123 1030 2132 “

166 2206 337 2291 Seditioque
352 2228 468 2291 repens,
484 2206 630 2290 dubioque
645 2219 762 2268 auctore
779 2203 905 2267 Susurri.

167 2303 235 2386 Ipsa
250 2305 319 2387 quid
334 2305 363 2366 in
377 2304 455 2367 ooelo
469 2325 576 2379 rerum,
591 2302 757 2387 pelagoque
771 2315 897 2383 geratur,

167 2399 208 2464 Et
223 2402 337 2480 tellure,
353 2402 443 2478 videt,
458 2415 611 2485 totumque
626 2399 743 2481 inquirit
756 2400 786 2460 in
801 2399 914 2461 orbern.
