2604 4216
477 381 827 440 Murnmoumiosnou

367 677 569 722 rnusnrtemn
590 679 610 720 Α
631 643 781 720 eburone
802 675 917 718 RAPTA·

483 885 484 890 1
584 811 704 914 v.''341.
723 807 725 812 Ι
785 803 787 806 Ι

200 1019 301 1084 Prima
314 1019 410 1084 Ceres
424 1019 502 1084 unco
516 1020 634 1105 glebam
649 1019 770 1081 dimovit
784 1032 894 1082 aratro:

158 1117 259 1182 Prima
274 1119 353 1180 dedit
369 1117 476 1202 fruges,
492 1113 688 1202 alimentaque
704 1116 785 1180 mitia
798 1116 898 1180 terris:
1069 1115 1132 1177 180

158 1213 260 1277 Prima
274 1215 355 1278 dedit
370 1216 461 1298 leges.
505 1213 625 1277 Cereris
639 1235 740 1274 sumus
754 1214 852 1275 omnia
866 1233 983 1290 munus.

159 1311 214 1374 llla
228 1311 360 1374 canenda
375 1312 446 1374 mihi
463 1325 517 1373 est.
562 1309 685 1372 Utinam
701 1310 790 1372 modi)
806 1309 912 1374 dicere,
918 1330 1036 1393 possem

159 1406 300 1472 Carmina
314 1410 402 1490 digna
416 1408 495 1472 deae!
517 1409 598 1470 certe
613 1408 669 1470 dea
683 1407 811 1469 cannino
826 1407 913 1489 digna
927 1420 982 1468 est.
1052 1451 1054 1458 ·

203 1505 296 1568 Vasta
310 1506 452 1588 giganteis
467 1498 581 1587 ingesta
595 1518 639 1566 est
654 1505 748 1572 insula
761 1503 898 1566 membris
918 1589 919 1592 Ἴ

159 1601 325 1679 Trinacris3
347 1617 377 1665 et
392 1603 505 1685 magnis
519 1602 684 1686 subjeetum
699 1601 823 1664 molibus
837 1614 942 1682 urguet
1071 1601 1133 1662 185

162 1700 309 1764 AEtherias
325 1720 428 1764 ausum
442 1721 558 1786 sperare
573 1696 723 1782 Typhoea
738 1698 834 1760 sedes.

127 1871 131 1884 ,
161 1795 272 1859 Nititur
286 1797 334 1859 ille
350 1797 480 1880 quidem,
496 1810 666 1878 pugnatque
682 1817 832 1876 resurgere
847 1789 941 1877 saepe:
1038 1841 1042 1847 .

161 1891 278 1954 Dextra
294 1893 346 1970 sed
361 1892 495 1954 Ausonio
509 1913 612 1954 manus
627 1906 672 1954 est
686 1891 817 1974 subjecta
836 1891 961 1954 Peloro:

109 2043 112 2053 ,
161 1988 263 2066 Laeva,
280 1989 434 2071 Pachyno,
449 1989 519 2064 tibi;
542 1987 665 2050 Lilibaeo
679 2009 763 2080 epure
778 2002 966 2070 premuntur:

162 2085 314 2168 Degravat
328 2085 420 2147 AEtna
434 2099 540 2168 caput:
563 2085 617 2148 sub
634 2083 693 2168 quir
707 2086 862 2168 resupinus
874 2105 976 2147 arenas
1073 2087 1134 2148 190

162 2183 292 2268 Ejectat,
308 2179 516 2268 flammamque
531 2183 593 2258 sero
608 2183 700 2246 vomit
714 2205 764 2246 ore
778 2180 957 2268 Typhoeus·

162 2281 249 2364 Saepe
264 2282 390 2343 remoliri
405 2282 531 2344 luctatur
545 2281 676 2366 pondera
689 2293 782 2356 terrae,

162 2377 354 2462 Oppidaque,
369 2392 399 2440 et
414 2378 686 2460 magnos-evolvere
700 2397 823 2460 corpore
838 2373 965 2456 montes.

162 2473 236 2536 lnde
251 2475 349 2536 tremit
362 2474 465 2536 tellus:
489 2487 519 2534 et
534 2494 588 2534 rex
603 2487 693 2556 pavet
707 2473 770 2554 ipse
780 2473 932 2536 silentiam.
1096 2540 1099 2544 ἵ

162 2569 211 2632 Ne
227 2585 335 2653 pateat,
351 2571 468 2653 latoque
484 2570 577 2630 solum
593 2582 739 2654 retegatur
760 2569 859 2646 hiatu;
902 2645 904 2650 Α
1045 2627 1047 2634 ,
1075 2571 1136 2634 195

162 2667 372 2749 immissusque
387 2666 449 2728 dies
465 2667 644 2750 trepidantes
659 2679 767 2728 terreat
781 2667 908 2730 umbras.

164 2763 252 2826 Hane
265 2778 400 2826 metuens
415 2763 530 2824 cladem
545 2763 699 2825 tenebrosi
714 2764 784 2826 sede
799 2778 940 2846 tyrannus

165 2857 305 2922 Exierat:
329 2880 473 2944 curruque
488 2874 616 2922 atrorum
632 2875 735 2924 vectus
750 2882 894 2946 equorum

165 2957 306 3019 Ambibat
321 2957 426 3019 Siculae
442 2972 544 3020 'cautus
559 2957 727 3020 fundamina
746 2973 838 3044 terrae,

165 3053 330 3135 Postquam
345 3056 531 3138 exploratum
546 3055 615 3119 sat'ts
630 3070 675 3120 est
688 3057 754 3118 loca
767 3057 847 3121 nulla
861 3057 977 3132 labare;
1073 3059 1137 3120 200

166 3149 363 3235 Depositique
378 3167 491 3214 metus:
515 3154 596 3215 videt
610 3153 688 3216 hunc
709 3149 839 3236 Erycina
854 3167 1010 3236 vagantem

166 3247 272 3311 Monte
287 3269 340 3310 suo
354 3249 493 3326 residem,
508 3264 667 3334 natumque
684 3252 822 3333 amplexa
841 3249 1009 3326 voluerem;

167 3354 178 3384 ‘
186 3348 290 3424 Arma,
306 3369 468 3432 manusque
484 3369 571 3424 meae,
586 3369 664 3434 mea,
679 3363 759 3424 nate,
774 3349 925 3431 potentia,’
941 3337 1026 3426 dixit,

162 3450 177 3481 ·‘
186 3441 250 3520 llla,
266 3445 370 3528 quibus
384 3465 504 3527 superas
518 3465 632 3520 omnes,
646 3465 721 3528 cape
737 3446 806 3521 tela,
822 3437 952 3529 Cupido,

168 3539 262 3624 lnque
277 3540 325 3602 dei
340 3553 444 3624 peetus
458 3542 570 3604 celeres
585 3541 687 3604 molire
702 3543 831 3624 sagittas,
884 3587 890 3594 ‚
1064 3545 1139 3608 205
