2604 4216
586 357 694 409 LIBER
709 357 730 408 1.

175 509 256 575 Cura
270 511 335 574 dei:
358 509 541 593 totidemque
556 510 649 593 plage
664 509 766 576 tenure
781 521 964 592 promunturi

173 609 311 683 Quarum
326 631 390 693 quae
404 608 503 670 media
517 622 572 684 est,
586 629 645 669 non
660 621 705 669 est
719 607 882 670 habitabilis
896 619 985 668 aestu:

174 705 236 770 Nix
250 709 322 788 tegit
337 707 395 768 alta
409 706 499 768 duas:
522 705 646 768 totidem
660 704 902 788 inter'utrumque
916 703 1042 780 locavit3
1100 703 1142 767 50

173 804 425 889 Temperiemque
441 804 532 880 dedit,
547 799 643 865 minti
655 825 724 864 cum
739 801 843 884 frigore
859 801 989 864 flammi.

175 902 310 964 Imminet
325 903 370 964 his
385 906 452 964 a'c'r:
476 901 536 985 qui,
552 901 661 985 quanto
675 914 720 962 est
735 901 866 984 pondere
880 914 962 962 torrae

174 999 296 1062 Pondus
311 1023 393 1083 aquae
408 1000 512 1076 ierim,
527 992 669 1061 tantdest
682 999 831 1060 onerosior
843 997 914 1078 igni.

174 1095 238 1159 Illac
253 1112 283 1159 et
295 1099 427 1174 nebulas,
448 1097 507 1159 illic
522 1096 679 1158 consistere
694 1096 788 1157 nubes

174 1195 275 1272 Jussit,
291 1208 321 1257 et
337 1195 479 1256 humanas
493 1209 607 1257 motura
621 1195 747 1256 tonitrua
761 1207 886 1270 mentes,

94 1309 95 1314 ’
175 1292 299 1355 Etcum
315 1270 483 1384 fulminibus
497 1293 636 1354 facientes
652 1291 757 1375 frigora
773 1306 887 1354 ventos.

175 1389 231 1452 His
247 1413 364 1474 quoque
380 1409 439 1452 non
455 1391 564 1472 passim
577 1390 680 1451 mundi
696 1389 849 1453 fabricator
862 1389 1031 1452 habendum

175 1490 255 1550 Ai'ra
270 1489 412 1572 permisit.
458 1487 520 1550 Vix
534 1491 613 1550 nunc
629 1487 775 1550 obsistitur
789 1488 855 1564 illis,

175 1584 255 1648 Crim
270 1609 323 1648 sua
339 1587 462 1670 quisque
477 1599 579 1666 regant
594 1586 709 1648 diverso
724 1585 842 1646 flamina
856 1594 961 1660 tractu,

175 1681 258 1754 Quin
274 1684 385 1745 lanient
400 1683 560 1758 mundum;
582 1695 663 1744 tanta
678 1697 723 1744 est
738 1682 880 1744 discordia
896 1681 1025 1743 fratrum.
1103 1681 1146 1744 60

176 1778 273 1842 Euius
288 1781 325 1842 ad
341 1781 497 1855 Auroram,
513 1777 733 1862 Nabathaeaque
748 1779 982 1862 regna-recessit,

176 1875 368 1961 Persidaque,
383 1891 413 1939 et
428 1877 514 1940 radiis
526 1875 598 1961 juga
612 1877 727 1938 subdita
743 1877 908 1939 matutinis·

177 1970 304 2057 Vesper,
321 1989 351 2037 et
365 1975 490 2037 occiduo
507 1997 571 2058 quae
586 1975 682 2036 littora
697 1975 758 2036 sole
773 1987 940 2057 tepescunt,

176 2057 317 2133 Proxima
331 2085 399 2134 sunt
413 2071 575 2155 Zephyro:
600 2071 753 2154 Scythiam
770 2072 952 2156 Septemque
968 2072 1092 2134 trionem

177 2167 309 2243 Horriser
324 2169 428 2231 invasit
442 2167 574 2244 Boreas3
596 2169 745 2244 contraria⁴
753 2170 840 2231 tellus
1034 2179 1038 2188 '
1104 2171 1146 2233 65

177 2265 312 2330 Nubibus
328 2266 465 2342 adsiduis,
481 2265 640 2348 pluvioque
656 2266 797 2328 madescit
814 2267 850 2327 ab
866 2266 986 2328 Austro.

178 2363 251 2426 Haee
266 2385 355 2448 super
369 2365 508 2446 imposuit
522 2363 665 2446 liquidum
681 2378 711 2426 et
725 2364 867 2446 gravitate
882 2379 1031 2426 carentem
1091 2421 1094 2426 .
1131 2433 1134 2440 ,

177 2459 311 2538 AEthera,
326 2483 383 2524 nec
399 2462 557 2545 quidquam
573 2476 697 2524 terrene
711 2461 787 2524 saecis
804 2462 975 2524 habentem.
1113 2465 1116 2472 '

221 2558 284 2621 Vix
299 2581 334 2620 ea
348 2557 486 2621 limitibus
501 2560 676 2643 dissepserat
690 2559 787 2622 omnia
802 2561 907 2636 certis;

85 2699 87 2703 -
178 2655 268 2733 Ciam,
285 2679 347 2740 quae
362 2679 461 2740 pressa
477 2658 525 2719 diu
542 2657 638 2738 massi
652 2657 763 2748 latuere
779 2659 833 2720 sub
848 2658 908 2735 ills,
1104 2657 1147 2722 70'

179 2752 281 2815 Sidera
295 2769 450 2836 ooeperunt
466 2749 528 2817 toto
541 2755 735 2816 effervescere
751 2756 839 2817 coelo.

178 2849 246 2912 Neu
262 2852 342 2932 regio
357 2847 431 2912 soret
445 2852 505 2913 ulla
519 2853 577 2913 suis
593 2852 785 2914 animantibus
800 2853 880 2929 orba,

177 2947 268 3010 Astra
282 2961 385 3010 tenent
398 2937 520 3028 coeleste
536 2949 641 3024 solum,
656 2928 813 3030 formaeque
829 2950 968 3048 deorum:

172 3044 341 3107 ‘Cesserunt
356 3045 452 3107 nitidis
469 3020 630 3106 habitandae
646 3046 773 3128 piscibus
788 3046 933 3108 undae:

178 3142 271 3205 Terra
287 3141 361 3204 feras
376 3143 472 3226 cepit:
497 3143 629 3204 volucres
645 3143 786 3224 agitabilis
801 3149 861 3206 a'e'r.
1072 3130 1076 3136 ι
1105 3147 1147 3208 75

220 3223 355 3303 Sanctius
371 3241 415 3302 his
430 3241 535 3302 animal
539 3241 728 3323 ‚mentisque
743 3241 881 3344 capacius
897 3242 961 3303 altae

179 3337 292 3400 Deerat
307 3339 413 3415 adhuc,
428 3352 461 3401 et
474 3339 552 3444 quqd
568 3338 731 3400 dominari'
724 3361 752 3402 m
767 3353 872 3402 caetera
887 3351 998 3422 posset.

180 3431 276 3497 Natus
291 3435 379 3496 homo
394 3449 455 3497 est:
476 3427 540 3497 sive
557 3435 635 3498 hunc
651 3435 750 3498 divino
766 3437 878 3498 semine
894 3434 964 3498 feeit

180 3529 233 3595 Ille
249 3532 350 3616 opifex
364 3554 472 3610 rerum,
487 3533 589 3595 mundi
603 3533 731 3595 melioris
745 3533 842 3614 origo:
