<?xml version="1.0" encoding="UTF-8"?>
<!DOCTYPE html PUBLIC "-//W3C//DTD XHTML 1.0 Transitional//EN"
    "http://www.w3.org/TR/xhtml1/DTD/xhtml1-transitional.dtd">
<html xmlns="http://www.w3.org/1999/xhtml" xml:lang="en" lang="en">
 <head>
  <title>
</title>
<meta http-equiv="Content-Type" content="text/html;charset=utf-8" />
  <meta name='ocr-system' content='tesseract 3.04.00' />
  <meta name='ocr-capabilities' content='ocr_page ocr_carea ocr_par ocr_line ocrx_word'/>
</head>
<body>
  <div class='ocr_page' id='page_1' title='image "./excerptaexscrip04ovidgoog_0088.png"; bbox 0 0 2604 4216; ppageno 0'>
   <div class='ocr_carea' id='block_1_1' title="bbox 450 362 730 445">
    <p class='ocr_par' dir='ltr' id='par_1_1' title="bbox 450 362 730 445">
     <span class='ocr_line' id='line_1_1' title="bbox 450 362 730 445; baseline -0.007 -1"><span class='ocrx_word' id='word_1_1' title='bbox 450 362 454 376; x_wconf 85' lang='lat'>&#39;</span> <span class='ocrx_word' id='word_1_2' title='bbox 528 383 532 389; x_wconf 86' lang='grc'><em>“</em></span> <span class='ocrx_word' id='word_1_3' title='bbox 563 387 670 445; x_wconf 79' lang='lat' dir='ltr'>mara</span> <span class='ocrx_word' id='word_1_4' title='bbox 686 389 730 444; x_wconf 86' lang='lat' dir='ltr'>vr.</span> 
     </span>
    </p>
   </div>
   <div class='ocr_carea' id='block_1_2' title="bbox 87 527 1144 3545">
    <p class='ocr_par' dir='ltr' id='par_1_2' title="bbox 162 527 887 628">
     <span class='ocr_line' id='line_1_2' title="bbox 162 527 887 628; baseline -0.008 -16"><span class='ocrx_word' id='word_1_5' title='bbox 162 545 286 612; x_wconf 76' lang='lat' dir='ltr'>Talibus</span> <span class='ocrx_word' id='word_1_6' title='bbox 300 560 346 610; x_wconf 87' lang='lat' dir='ltr'>est</span> <span class='ocrx_word' id='word_1_7' title='bbox 360 527 445 609; x_wconf 83' lang='lat' dir='ltr'>dictis</span> <span class='ocrx_word' id='word_1_8' title='bbox 460 544 578 626; x_wconf 73' lang='lat' dir='ltr'>gemina</span> <span class='ocrx_word' id='word_1_9' title='bbox 591 559 659 607; x_wconf 85' lang='lat' dir='ltr'>cum</span> <span class='ocrx_word' id='word_1_10' title='bbox 675 544 757 628; x_wconf 82' lang='lat' dir='ltr'>prole</span> <span class='ocrx_word' id='word_1_11' title='bbox 770 545 887 607; x_wconf 85' lang='lat' dir='ltr'>locuta:</span> 
     </span>
    </p>

    <p class='ocr_par' dir='ltr' id='par_1_3' title="bbox 163 640 918 728">
     <span class='ocr_line' id='line_1_3' title="bbox 163 640 918 728; baseline -0.009 -19"><span class='ocrx_word' id='word_1_12' title='bbox 163 646 232 708; x_wconf 84' lang='lat' dir='ltr'>‘En</span> <span class='ocrx_word' id='word_1_13' title='bbox 247 668 303 728; x_wconf 86' lang='lat' dir='ltr'>ego</span> <span class='ocrx_word' id='word_1_14' title='bbox 319 657 415 706; x_wconf 85' lang='lat' dir='ltr'>vestra</span> <span class='ocrx_word' id='word_1_15' title='bbox 429 663 545 726; x_wconf 87' lang='lat' dir='ltr'>parens,</span> <span class='ocrx_word' id='word_1_16' title='bbox 561 641 644 704; x_wconf 86' lang='lat' dir='ltr'>vobis</span> <span class='ocrx_word' id='word_1_17' title='bbox 659 642 789 704; x_wconf 86' lang='lat' dir='ltr'>animosa</span> <span class='ocrx_word' id='word_1_18' title='bbox 803 640 918 718; x_wconf 87' lang='lat' dir='ltr'>creatis,</span> 
     </span>
    </p>

    <p class='ocr_par' dir='ltr' id='par_1_4' title="bbox 163 739 775 818">
     <span class='ocr_line' id='line_1_4' title="bbox 163 739 775 818; baseline -0.008 -13"><span class='ocrx_word' id='word_1_19' title='bbox 163 740 207 806; x_wconf 88' lang='lat' dir='ltr'>Et</span> <span class='ocrx_word' id='word_1_20' title='bbox 220 744 274 806; x_wconf 90' lang='lat' dir='ltr'>uisi</span> <span class='ocrx_word' id='word_1_21' title='bbox 288 741 410 818; x_wconf 78' lang='lat' dir='ltr'>turoni,</span> <span class='ocrx_word' id='word_1_22' title='bbox 425 739 497 802; x_wconf 88' lang='lat' dir='ltr'>nulli</span> <span class='ocrx_word' id='word_1_23' title='bbox 510 761 629 802; x_wconf 87' lang='lat' dir='ltr'>cessura</span> <span class='ocrx_word' id='word_1_24' title='bbox 643 739 775 814; x_wconf 84' lang='lat' dir='ltr'>dearum,</span> 
     </span>
    </p>

    <p class='ocr_par' dir='ltr' id='par_1_5' title="bbox 163 832 1065 921">
     <span class='ocr_line' id='line_1_5' title="bbox 163 832 1065 921; baseline -0.011 -21"><span class='ocrx_word' id='word_1_25' title='bbox 163 839 214 901; x_wconf 89' lang='lat' dir='ltr'>An</span> <span class='ocrx_word' id='word_1_26' title='bbox 229 840 285 902; x_wconf 88' lang='lat' dir='ltr'>dea</span> <span class='ocrx_word' id='word_1_27' title='bbox 299 839 364 916; x_wconf 88' lang='lat' dir='ltr'>sim,</span> <span class='ocrx_word' id='word_1_28' title='bbox 379 838 511 901; x_wconf 87' lang='lat' dir='ltr'>dubitor:</span> <span class='ocrx_word' id='word_1_29' title='bbox 535 857 646 921; x_wconf 84' lang='lat' dir='ltr'>perque</span> <span class='ocrx_word' id='word_1_30' title='bbox 661 836 760 898; x_wconf 87' lang='lat' dir='ltr'>omnia</span> <span class='ocrx_word' id='word_1_31' title='bbox 773 834 879 896; x_wconf 78' lang='lat' dir='ltr'>saecula</span> <span class='ocrx_word' id='word_1_32' title='bbox 892 832 977 897; x_wconf 87' lang='lat' dir='ltr'>cultis</span> <span class='ocrx_word' id='word_1_33' title='bbox 1014 861 1024 890; x_wconf 56' lang='lat' dir='ltr'>t</span> <span class='ocrx_word' id='word_1_34' title='bbox 1061 880 1065 891; x_wconf 78' lang='grc'><strong>,</strong></span> 
     </span>
    </p>

    <p class='ocr_par' dir='ltr' id='par_1_6' title="bbox 163 933 913 1012">
     <span class='ocr_line' id='line_1_6' title="bbox 163 933 913 1012; baseline -0.007 -15"><span class='ocrx_word' id='word_1_35' title='bbox 163 936 288 1012; x_wconf 87' lang='lat' dir='ltr'>Arceor,</span> <span class='ocrx_word' id='word_1_36' title='bbox 302 958 321 999; x_wconf 93' lang='lat' dir='ltr'>o</span> <span class='ocrx_word' id='word_1_37' title='bbox 335 936 405 1012; x_wconf 88' lang='lat' dir='ltr'>nati,</span> <span class='ocrx_word' id='word_1_38' title='bbox 420 935 474 997; x_wconf 87' lang='lat' dir='ltr'>uisi</span> <span class='ocrx_word' id='word_1_39' title='bbox 488 955 541 997; x_wconf 86' lang='lat' dir='ltr'>vos</span> <span class='ocrx_word' id='word_1_40' title='bbox 555 933 730 1008; x_wconf 88' lang='lat' dir='ltr'>succurritis,</span> <span class='ocrx_word' id='word_1_41' title='bbox 746 933 811 993; x_wconf 85' lang='lat' dir='ltr'>aris.</span> <span class='ocrx_word' id='word_1_42' title='bbox 910 941 913 946; x_wconf 85' lang='lat'>&#39;</span> 
     </span>
    </p>

    <p class='ocr_par' dir='ltr' id='par_1_7' title="bbox 164 1029 827 1096">
     <span class='ocr_line' id='line_1_7' title="bbox 164 1029 827 1096; baseline -0.005 -2"><span class='ocrx_word' id='word_1_43' title='bbox 164 1029 233 1095; x_wconf 84' lang='lat' dir='ltr'>Nec</span> <span class='ocrx_word' id='word_1_44' title='bbox 247 1033 329 1095; x_wconf 87' lang='lat' dir='ltr'>dolor</span> <span class='ocrx_word' id='word_1_45' title='bbox 343 1033 391 1096; x_wconf 91' lang='lat' dir='ltr'>hic</span> <span class='ocrx_word' id='word_1_46' title='bbox 405 1033 502 1095; x_wconf 89' lang='lat' dir='ltr'>solus:</span> <span class='ocrx_word' id='word_1_47' title='bbox 525 1033 587 1094; x_wconf 93' lang='lat' dir='ltr'>diro</span> <span class='ocrx_word' id='word_1_48' title='bbox 600 1031 734 1094; x_wconf 85' lang='lat' dir='ltr'>convicia</span> <span class='ocrx_word' id='word_1_49' title='bbox 749 1029 827 1092; x_wconf 85' lang='lat' dir='ltr'>sacto</span> 
     </span>
    </p>

    <p class='ocr_par' dir='ltr' id='par_1_8' title="bbox 164 1127 1029 1214">
     <span class='ocr_line' id='line_1_8' title="bbox 164 1127 1029 1214; baseline -0.003 -23"><span class='ocrx_word' id='word_1_50' title='bbox 164 1127 436 1214; x_wconf 82' lang='lat' dir='ltr'>Tantalisadjecit:</span> <span class='ocrx_word' id='word_1_51' title='bbox 459 1149 570 1212; x_wconf 79' lang='lat' dir='ltr'>rosque</span> <span class='ocrx_word' id='word_1_52' title='bbox 585 1142 630 1190; x_wconf 89' lang='lat' dir='ltr'>est</span> <span class='ocrx_word' id='word_1_53' title='bbox 645 1141 821 1210; x_wconf 74' lang='lat' dir='ltr'>postponere</span> <span class='ocrx_word' id='word_1_54' title='bbox 836 1127 911 1189; x_wconf 78' lang='lat' dir='ltr'>datis</span> <span class='ocrx_word' id='word_1_55' title='bbox 984 1182 987 1186; x_wconf 79' lang='grc'><strong><em>,</em></strong></span> <span class='ocrx_word' id='word_1_56' title='bbox 1010 1141 1029 1152; x_wconf 77' lang='grc'>·’</span> 
     </span>
    </p>

    <p class='ocr_par' dir='ltr' id='par_1_9' title="bbox 165 1223 975 1312">
     <span class='ocr_line' id='line_1_9' title="bbox 165 1223 975 1312; baseline -0.002 -24"><span class='ocrx_word' id='word_1_57' title='bbox 165 1226 249 1288; x_wconf 81' lang='lat' dir='ltr'>Ausa</span> <span class='ocrx_word' id='word_1_58' title='bbox 262 1227 337 1289; x_wconf 86' lang='lat' dir='ltr'>suis:</span> <span class='ocrx_word' id='word_1_59' title='bbox 360 1241 390 1290; x_wconf 89' lang='lat' dir='ltr'>et</span> <span class='ocrx_word' id='word_1_60' title='bbox 404 1247 453 1288; x_wconf 90' lang='lat' dir='ltr'>me</span> <span class='ocrx_word' id='word_1_61' title='bbox 470 1223 564 1312; x_wconf 89' lang='lat' dir='ltr'>(quod</span> <span class='ocrx_word' id='word_1_62' title='bbox 579 1227 607 1288; x_wconf 91' lang='lat' dir='ltr'>in</span> <span class='ocrx_word' id='word_1_63' title='bbox 623 1227 716 1308; x_wconf 83' lang='lat' dir='ltr'>ipsam</span> <span class='ocrx_word' id='word_1_64' title='bbox 732 1223 857 1311; x_wconf 89' lang='lat' dir='ltr'>recidat)</span> <span class='ocrx_word' id='word_1_65' title='bbox 873 1224 975 1287; x_wconf 90' lang='lat' dir='ltr'>orbam</span> 
     </span>
    </p>

    <p class='ocr_par' dir='ltr' id='par_1_10' title="bbox 165 1321 962 1405">
     <span class='ocr_line' id='line_1_10' title="bbox 165 1321 962 1405; baseline 0 -21"><span class='ocrx_word' id='word_1_66' title='bbox 165 1321 270 1400; x_wconf 85' lang='lat' dir='ltr'>Dixit3</span> <span class='ocrx_word' id='word_1_67' title='bbox 293 1338 323 1387; x_wconf 88' lang='lat' dir='ltr'>et</span> <span class='ocrx_word' id='word_1_68' title='bbox 335 1323 471 1387; x_wconf 86' lang='lat' dir='ltr'>exhrbuit</span> <span class='ocrx_word' id='word_1_69' title='bbox 485 1325 614 1404; x_wconf 86' lang='lat' dir='ltr'>linguam</span> <span class='ocrx_word' id='word_1_70' title='bbox 629 1323 769 1392; x_wconf 87' lang='lat' dir='ltr'>scelerata</span> <span class='ocrx_word' id='word_1_71' title='bbox 789 1322 962 1405; x_wconf 66' lang='lat' dir='ltr'>paternam!</span> 
     </span>
    </p>

    <p class='ocr_par' dir='ltr' id='par_1_11' title="bbox 167 1415 892 1505">
     <span class='ocr_line' id='line_1_11' title="bbox 167 1415 892 1505; baseline -0.001 -23"><span class='ocrx_word' id='word_1_72' title='bbox 167 1415 327 1505; x_wconf 83' lang='lat' dir='ltr'>Adjectura</span> <span class='ocrx_word' id='word_1_73' title='bbox 344 1437 450 1503; x_wconf 83' lang='lat' dir='ltr'>preces·</span> <span class='ocrx_word' id='word_1_74' title='bbox 462 1434 524 1484; x_wconf 78' lang='lat' dir='ltr'>erat</span> <span class='ocrx_word' id='word_1_75' title='bbox 539 1422 583 1483; x_wconf 88' lang='lat' dir='ltr'>bis</span> <span class='ocrx_word' id='word_1_76' title='bbox 598 1421 714 1502; x_wconf 77' lang='lat' dir='ltr'>Latona</span> <span class='ocrx_word' id='word_1_77' title='bbox 728 1420 842 1488; x_wconf 79' lang='lat' dir='ltr'>relatis:</span> <span class='ocrx_word' id='word_1_78' title='bbox 889 1441 892 1446; x_wconf 72' lang='grc'>’</span> 
     </span>
    </p>

    <p class='ocr_par' dir='ltr' id='par_1_12' title="bbox 167 1515 1068 1606">
     <span class='ocr_line' id='line_1_12' title="bbox 167 1515 1068 1606; baseline 0 -26"><span class='ocrx_word' id='word_1_79' title='bbox 167 1517 321 1606; x_wconf 61' lang='lat' dir='ltr'>‘Desine&#39;</span> <span class='ocrx_word' id='word_1_80' title='bbox 337 1519 471 1582; x_wconf 76' lang='lat' dir='ltr'>Phoebus</span> <span class='ocrx_word' id='word_1_81' title='bbox 486 1519 536 1594; x_wconf 89' lang='lat' dir='ltr'>ait,</span> <span class='ocrx_word' id='word_1_82' title='bbox 551 1525 559 1554; x_wconf 92' lang='lat'>‘</span> <span class='ocrx_word' id='word_1_83' title='bbox 572 1517 682 1602; x_wconf 84' lang='lat' dir='ltr'>(poenae</span> <span class='ocrx_word' id='word_1_84' title='bbox 697 1533 779 1578; x_wconf 88' lang='lat' dir='ltr'>mora</span> <span class='ocrx_word' id='word_1_85' title='bbox 793 1515 895 1602; x_wconf 84' lang='lat' dir='ltr'>longa)</span> <span class='ocrx_word' id='word_1_86' title='bbox 913 1515 1068 1602; x_wconf 65' lang='lat' dir='ltr'>quereias!</span> 
     </span>
    </p>

    <p class='ocr_par' dir='ltr' id='par_1_13' title="bbox 87 1613 916 1697">
     <span class='ocr_line' id='line_1_13' title="bbox 87 1613 916 1697; baseline 0 -21"><span class='ocrx_word' id='word_1_87' title='bbox 87 1647 93 1668; x_wconf 82' lang='lat'><strong>.</strong></span> <span class='ocrx_word' id='word_1_88' title='bbox 167 1613 254 1677; x_wconf 82' lang='lat' dir='ltr'>Dixit</span> <span class='ocrx_word' id='word_1_89' title='bbox 268 1615 347 1678; x_wconf 89' lang='lat' dir='ltr'>idem</span> <span class='ocrx_word' id='word_1_90' title='bbox 361 1613 496 1678; x_wconf 84' lang='lat' dir='ltr'>Phoebe:</span> <span class='ocrx_word' id='word_1_91' title='bbox 518 1615 666 1697; x_wconf 82' lang='lat' dir='ltr'>celerique</span> <span class='ocrx_word' id='word_1_92' title='bbox 681 1633 735 1696; x_wconf 86' lang='lat' dir='ltr'>per</span> <span class='ocrx_word' id='word_1_93' title='bbox 749 1617 819 1676; x_wconf 70' lang='lat' dir='ltr'>aera</span> <span class='ocrx_word' id='word_1_94' title='bbox 831 1615 916 1696; x_wconf 91' lang='lat' dir='ltr'>lapsu</span> 
     </span>
    </p>

    <p class='ocr_par' dir='ltr' id='par_1_14' title="bbox 167 1709 1144 1892">
     <span class='ocr_line' id='line_1_14' title="bbox 167 1709 1137 1793; baseline -0.002 -17"><span class='ocrx_word' id='word_1_95' title='bbox 167 1711 362 1793; x_wconf 85' lang='lat' dir='ltr'>Contigerant</span> <span class='ocrx_word' id='word_1_96' title='bbox 376 1712 446 1773; x_wconf 88' lang='lat' dir='ltr'>tecti</span> <span class='ocrx_word' id='word_1_97' title='bbox 460 1709 627 1774; x_wconf 86' lang='lat' dir='ltr'>Cadmeida</span> <span class='ocrx_word' id='word_1_98' title='bbox 641 1711 766 1773; x_wconf 89' lang='lat' dir='ltr'>nubibus</span> <span class='ocrx_word' id='word_1_99' title='bbox 780 1732 890 1774; x_wconf 83' lang='lat' dir='ltr'>arcem</span> <span class='ocrx_word' id='word_1_100' title='bbox 1092 1711 1137 1774; x_wconf 74' lang='lat' dir='ltr'>&#39;id</span> 
     </span>
     <span class='ocr_line' id='line_1_15' title="bbox 210 1807 1144 1892; baseline 0 -21"><span class='ocrx_word' id='word_1_101' title='bbox 210 1807 321 1872; x_wconf 82' lang='lat' dir='ltr'><strong>Planus</strong></span> <span class='ocrx_word' id='word_1_102' title='bbox 337 1821 410 1885; x_wconf 86' lang='lat' dir='ltr'>erat,</span> <span class='ocrx_word' id='word_1_103' title='bbox 425 1807 544 1892; x_wconf 74' lang='lat' dir='ltr'>lateque</span> <span class='ocrx_word' id='word_1_104' title='bbox 559 1821 661 1890; x_wconf 88' lang='lat' dir='ltr'>patens</span> <span class='ocrx_word' id='word_1_105' title='bbox 676 1828 769 1890; x_wconf 91' lang='lat' dir='ltr'>prope</span> <span class='ocrx_word' id='word_1_106' title='bbox 784 1808 892 1870; x_wconf 87' lang='lat' dir='ltr'>moenia</span> <span class='ocrx_word' id='word_1_107' title='bbox 906 1828 1037 1891; x_wconf 79' lang='lat' dir='ltr'>campus,</span> <span class='ocrx_word' id='word_1_108' title='bbox 1142 1819 1144 1824; x_wconf 83' lang='grc'>’</span> 
     </span>
    </p>

    <p class='ocr_par' dir='ltr' id='par_1_15' title="bbox 166 1905 890 1990">
     <span class='ocr_line' id='line_1_16' title="bbox 166 1905 890 1990; baseline -0.003 -22"><span class='ocrx_word' id='word_1_109' title='bbox 166 1905 306 1968; x_wconf 87' lang='lat' dir='ltr'>Adsiduis</span> <span class='ocrx_word' id='word_1_110' title='bbox 322 1905 453 1989; x_wconf 88' lang='lat' dir='ltr'>pulsatus</span> <span class='ocrx_word' id='word_1_111' title='bbox 468 1905 551 1990; x_wconf 85' lang='lat' dir='ltr'>equis</span> <span class='ocrx_word' id='word_1_112' title='bbox 560 1926 568 1980; x_wconf 92' lang='lat'>;</span> <span class='ocrx_word' id='word_1_113' title='bbox 590 1905 640 1967; x_wconf 90' lang='lat' dir='ltr'>ubi</span> <span class='ocrx_word' id='word_1_114' title='bbox 655 1906 739 1967; x_wconf 87' lang='lat' dir='ltr'>turba</span> <span class='ocrx_word' id='word_1_115' title='bbox 752 1919 890 1981; x_wconf 84' lang='lat' dir='ltr'>rotarum,</span> 
     </span>
    </p>

    <p class='ocr_par' dir='ltr' id='par_1_16' title="bbox 167 2001 897 2087">
     <span class='ocr_line' id='line_1_17' title="bbox 167 2001 897 2087; baseline 0.001 -23"><span class='ocrx_word' id='word_1_116' title='bbox 167 2002 309 2087; x_wconf 82' lang='lat' dir='ltr'>Duraque</span> <span class='ocrx_word' id='word_1_117' title='bbox 323 2003 486 2076; x_wconf 85' lang='lat' dir='ltr'>mollierant</span> <span class='ocrx_word' id='word_1_118' title='bbox 499 2001 646 2086; x_wconf 85' lang='lat' dir='ltr'>subjectas</span> <span class='ocrx_word' id='word_1_119' title='bbox 660 2003 771 2084; x_wconf 86' lang='lat' dir='ltr'>ungula</span> <span class='ocrx_word' id='word_1_120' title='bbox 786 2003 897 2085; x_wconf 74' lang='lat' dir='ltr'>glebas.</span> 
     </span>
    </p>

    <p class='ocr_par' dir='ltr' id='par_1_17' title="bbox 167 2099 1034 2192">
     <span class='ocr_line' id='line_1_18' title="bbox 167 2099 1034 2192; baseline -0.001 -29"><span class='ocrx_word' id='word_1_121' title='bbox 167 2099 240 2163; x_wconf 87' lang='lat' dir='ltr'>Pars</span> <span class='ocrx_word' id='word_1_122' title='bbox 254 2101 294 2164; x_wconf 86' lang='lat' dir='ltr'>ibi</span> <span class='ocrx_word' id='word_1_123' title='bbox 308 2101 349 2166; x_wconf 90' lang='lat' dir='ltr'>de</span> <span class='ocrx_word' id='word_1_124' title='bbox 360 2115 474 2184; x_wconf 78' lang='lat' dir='ltr'>septem</span> <span class='ocrx_word' id='word_1_125' title='bbox 489 2101 593 2183; x_wconf 84' lang='lat' dir='ltr'>genitis</span> <span class='ocrx_word' id='word_1_126' title='bbox 609 2099 780 2192; x_wconf 85' lang='lat' dir='ltr'>Amphione</span> <span class='ocrx_word' id='word_1_127' title='bbox 791 2100 880 2164; x_wconf 86' lang='lat' dir='ltr'>sortes</span> <span class='ocrx_word' id='word_1_128' title='bbox 1028 2159 1034 2169; x_wconf 83' lang='lat'><strong>‚</strong></span> 
     </span>
    </p>

    <p class='ocr_par' dir='ltr' id='par_1_18' title="bbox 166 2187 1138 2281">
     <span class='ocr_line' id='line_1_19' title="bbox 166 2187 1138 2281; baseline 0.002 -20"><span class='ocrx_word' id='word_1_129' title='bbox 166 2197 381 2261; x_wconf 87' lang='lat' dir='ltr'>Conscenduut</span> <span class='ocrx_word' id='word_1_130' title='bbox 393 2199 423 2260; x_wconf 90' lang='lat' dir='ltr'>in</span> <span class='ocrx_word' id='word_1_131' title='bbox 438 2217 541 2281; x_wconf 80' lang='lat' dir='ltr'>equos,</span> <span class='ocrx_word' id='word_1_132' title='bbox 554 2196 707 2280; x_wconf 87' lang='lat' dir='ltr'>Tyrioque</span> <span class='ocrx_word' id='word_1_133' title='bbox 722 2198 856 2259; x_wconf 87' lang='lat' dir='ltr'>rubentia</span> <span class='ocrx_word' id='word_1_134' title='bbox 871 2198 938 2260; x_wconf 84' lang='lat' dir='ltr'>firco</span> <span class='ocrx_word' id='word_1_135' title='bbox 1094 2187 1138 2263; x_wconf 68' lang='lat'>&#39;15‘</span> 
     </span>
    </p>

    <p class='ocr_par' dir='ltr' id='par_1_19' title="bbox 166 2293 1057 2378">
     <span class='ocr_line' id='line_1_20' title="bbox 166 2293 1057 2378; baseline 0.002 -22"><span class='ocrx_word' id='word_1_136' title='bbox 166 2294 267 2378; x_wconf 83' lang='lat' dir='ltr'>Terga</span> <span class='ocrx_word' id='word_1_137' title='bbox 281 2308 434 2378; x_wconf 82' lang='lat' dir='ltr'>premunt3</span> <span class='ocrx_word' id='word_1_138' title='bbox 456 2315 585 2377; x_wconf 87' lang='lat' dir='ltr'>auroque</span> <span class='ocrx_word' id='word_1_139' title='bbox 600 2313 703 2376; x_wconf 83' lang='lat' dir='ltr'>graves</span> <span class='ocrx_word' id='word_1_140' title='bbox 717 2293 905 2357; x_wconf 81' lang='lat' dir='ltr'>moderantur</span> <span class='ocrx_word' id='word_1_141' title='bbox 918 2295 1057 2358; x_wconf 82' lang='lat' dir='ltr'>habenas.</span> 
     </span>
    </p>

    <p class='ocr_par' dir='ltr' id='par_1_20' title="bbox 167 2390 924 2476">
     <span class='ocr_line' id='line_1_21' title="bbox 167 2390 924 2476; baseline 0.003 -24"><span class='ocrx_word' id='word_1_142' title='bbox 167 2391 197 2452; x_wconf 86' lang='lat' dir='ltr'><strong>E</strong></span> <span class='ocrx_word' id='word_1_143' title='bbox 210 2392 314 2476; x_wconf 84' lang='lat' dir='ltr'>quibus</span> <span class='ocrx_word' id='word_1_144' title='bbox 329 2390 471 2468; x_wconf 66' lang='lat' dir='ltr'>Ismenos3</span> <span class='ocrx_word' id='word_1_145' title='bbox 487 2392 537 2476; x_wconf 93' lang='lat' dir='ltr'>qni</span> <span class='ocrx_word' id='word_1_146' title='bbox 550 2392 635 2454; x_wconf 89' lang='lat' dir='ltr'>matri</span> <span class='ocrx_word' id='word_1_147' title='bbox 649 2391 762 2452; x_wconf 87' lang='lat' dir='ltr'>sarcina</span> <span class='ocrx_word' id='word_1_148' title='bbox 777 2391 924 2474; x_wconf 88' lang='lat' dir='ltr'>quondam</span> 
     </span>
    </p>

    <p class='ocr_par' dir='ltr' id='par_1_21' title="bbox 168 2487 939 2576">
     <span class='ocr_line' id='line_1_22' title="bbox 168 2487 939 2576; baseline -0.001 -25"><span class='ocrx_word' id='word_1_149' title='bbox 168 2488 267 2552; x_wconf 88' lang='lat' dir='ltr'>Prima</span> <span class='ocrx_word' id='word_1_150' title='bbox 281 2509 339 2552; x_wconf 80' lang='lat' dir='ltr'>suae</span> <span class='ocrx_word' id='word_1_151' title='bbox 354 2487 456 2565; x_wconf 86' lang='lat' dir='ltr'>fuerat,</span> <span class='ocrx_word' id='word_1_152' title='bbox 470 2489 543 2551; x_wconf 91' lang='lat' dir='ltr'>dum</span> <span class='ocrx_word' id='word_1_153' title='bbox 557 2503 670 2552; x_wconf 87' lang='lat' dir='ltr'>certum</span> <span class='ocrx_word' id='word_1_154' title='bbox 686 2489 778 2551; x_wconf 87' lang='lat' dir='ltr'>flectit</span> <span class='ocrx_word' id='word_1_155' title='bbox 793 2488 822 2550; x_wconf 92' lang='lat' dir='ltr'>in</span> <span class='ocrx_word' id='word_1_156' title='bbox 838 2489 939 2576; x_wconf 87' lang='lat' dir='ltr'>orbem</span> 
     </span>
    </p>

    <p class='ocr_par' dir='ltr' id='par_1_22' title="bbox 168 2586 967 2670">
     <span class='ocr_line' id='line_1_23' title="bbox 168 2586 967 2670; baseline 0.001 -22"><span class='ocrx_word' id='word_1_157' title='bbox 168 2586 385 2669; x_wconf 81' lang='lat' dir='ltr'>Quadrupedes</span> <span class='ocrx_word' id='word_1_158' title='bbox 399 2608 511 2662; x_wconf 86' lang='lat' dir='ltr'>cursus,</span> <span class='ocrx_word' id='word_1_159' title='bbox 525 2587 749 2670; x_wconf 78' lang='lat' dir='ltr'>spumantiaque</span> <span class='ocrx_word' id='word_1_160' title='bbox 764 2607 815 2648; x_wconf 89' lang='lat' dir='ltr'>ora</span> <span class='ocrx_word' id='word_1_161' title='bbox 830 2590 967 2663; x_wconf 78' lang='lat' dir='ltr'>coc’rcet;</span> 
     </span>
    </p>

    <p class='ocr_par' dir='ltr' id='par_1_23' title="bbox 167 2683 1137 2767">
     <span class='ocr_line' id='line_1_24' title="bbox 167 2683 1137 2767; baseline 0.002 -21"><span class='ocrx_word' id='word_1_162' title='bbox 167 2683 248 2746; x_wconf 86' lang='lat' dir='ltr'>‘Hei</span> <span class='ocrx_word' id='word_1_163' title='bbox 260 2685 331 2746; x_wconf 91' lang='lat' dir='ltr'>mihi</span> <span class='ocrx_word' id='word_1_164' title='bbox 341 2685 359 2747; x_wconf 89' lang='lat'>!’</span> <span class='ocrx_word' id='word_1_165' title='bbox 381 2685 545 2747; x_wconf 84' lang='lat' dir='ltr'>conclamat</span> <span class='ocrx_word' id='word_1_166' title='bbox 555 2684 741 2766; x_wconf 59' lang='lat' dir='ltr'>32medioque</span> <span class='ocrx_word' id='word_1_167' title='bbox 756 2686 786 2746; x_wconf 92' lang='lat' dir='ltr'>in</span> <span class='ocrx_word' id='word_1_168' title='bbox 801 2697 921 2767; x_wconf 81' lang='lat' dir='ltr'>pectore</span> <span class='ocrx_word' id='word_1_169' title='bbox 935 2685 1012 2747; x_wconf 82' lang='lat' dir='ltr'>fixus</span> <span class='ocrx_word' id='word_1_170' title='bbox 1094 2685 1137 2748; x_wconf 75' lang='lat'>80</span> 
     </span>
    </p>

    <p class='ocr_par' dir='ltr' id='par_1_24' title="bbox 166 2780 914 2865">
     <span class='ocr_line' id='line_1_25' title="bbox 166 2780 914 2865; baseline -0.001 -22"><span class='ocrx_word' id='word_1_171' title='bbox 166 2780 243 2843; x_wconf 88' lang='lat' dir='ltr'>Tela</span> <span class='ocrx_word' id='word_1_172' title='bbox 258 2782 341 2862; x_wconf 86' lang='lat' dir='ltr'>gerit,</span> <span class='ocrx_word' id='word_1_173' title='bbox 358 2780 510 2865; x_wconf 83' lang='lat' dir='ltr'>sraenisque</span> <span class='ocrx_word' id='word_1_174' title='bbox 526 2803 613 2843; x_wconf 90' lang='lat' dir='ltr'>manu</span> <span class='ocrx_word' id='word_1_175' title='bbox 629 2781 772 2843; x_wconf 89' lang='lat' dir='ltr'>moriente</span> <span class='ocrx_word' id='word_1_176' title='bbox 788 2782 914 2848; x_wconf 82' lang='lat' dir='ltr'>remissis</span> 
     </span>
    </p>

    <p class='ocr_par' dir='ltr' id='par_1_25' title="bbox 167 2877 824 2959">
     <span class='ocr_line' id='line_1_26' title="bbox 167 2877 824 2959; baseline 0 -20"><span class='ocrx_word' id='word_1_177' title='bbox 167 2878 201 2939; x_wconf 92' lang='lat' dir='ltr'>ln</span> <span class='ocrx_word' id='word_1_178' title='bbox 216 2878 292 2940; x_wconf 86' lang='lat' dir='ltr'>latus</span> <span class='ocrx_word' id='word_1_179' title='bbox 306 2900 324 2940; x_wconf 91' lang='lat' dir='ltr'>a</span> <span class='ocrx_word' id='word_1_180' title='bbox 339 2877 444 2940; x_wconf 85' lang='lat' dir='ltr'>dextro</span> <span class='ocrx_word' id='word_1_181' title='bbox 459 2877 600 2959; x_wconf 86' lang='lat' dir='ltr'>paulatim</span> <span class='ocrx_word' id='word_1_182' title='bbox 614 2877 718 2956; x_wconf 83' lang='lat' dir='ltr'>defluit</span> <span class='ocrx_word' id='word_1_183' title='bbox 732 2882 824 2940; x_wconf 86' lang='lat' dir='ltr'>a&#39;rmo.</span> 
     </span>
    </p>

    <p class='ocr_par' dir='ltr' id='par_1_26' title="bbox 167 2973 897 3056">
     <span class='ocr_line' id='line_1_27' title="bbox 167 2973 897 3056; baseline -0.004 -18"><span class='ocrx_word' id='word_1_184' title='bbox 167 2974 337 3050; x_wconf 73' lang='lat' dir='ltr'>ProximuS,</span> <span class='ocrx_word' id='word_1_185' title='bbox 352 2973 451 3036; x_wconf 89' lang='lat' dir='ltr'>audito</span> <span class='ocrx_word' id='word_1_186' title='bbox 465 2974 561 3034; x_wconf 86' lang='lat' dir='ltr'>sonitu</span> <span class='ocrx_word' id='word_1_187' title='bbox 576 2993 629 3055; x_wconf 89' lang='lat' dir='ltr'>per</span> <span class='ocrx_word' id='word_1_188' title='bbox 643 2975 731 3035; x_wconf 89' lang='lat' dir='ltr'>inane</span> <span class='ocrx_word' id='word_1_189' title='bbox 745 2975 897 3056; x_wconf 73' lang='lat' dir='ltr'>pharetra,</span> 
     </span>
    </p>

    <p class='ocr_par' dir='ltr' id='par_1_27' title="bbox 167 3069 987 3153">
     <span class='ocr_line' id='line_1_28' title="bbox 167 3069 987 3153; baseline 0.001 -18"><span class='ocrx_word' id='word_1_190' title='bbox 167 3071 274 3134; x_wconf 80' lang='lat' dir='ltr'>Fraena</span> <span class='ocrx_word' id='word_1_191' title='bbox 288 3070 376 3133; x_wconf 86' lang='lat' dir='ltr'>dabat</span> <span class='ocrx_word' id='word_1_192' title='bbox 390 3069 528 3152; x_wconf 86' lang='lat' dir='ltr'>Sipylus:</span> <span class='ocrx_word' id='word_1_193' title='bbox 551 3070 641 3130; x_wconf 88' lang='lat' dir='ltr'>veluti</span> <span class='ocrx_word' id='word_1_194' title='bbox 656 3070 724 3132; x_wconf 74' lang='lat' dir='ltr'>cim</span> <span class='ocrx_word' id='word_1_195' title='bbox 741 3071 875 3153; x_wconf 86' lang='lat' dir='ltr'>praescius</span> <span class='ocrx_word' id='word_1_196' title='bbox 890 3071 987 3136; x_wconf 82' lang='lat' dir='ltr'>imbris</span> 
     </span>
    </p>

    <p class='ocr_par' dir='ltr' id='par_1_28' title="bbox 168 3166 1138 3252">
     <span class='ocr_line' id='line_1_29' title="bbox 168 3166 1138 3252; baseline 0.004 -20"><span class='ocrx_word' id='word_1_197' title='bbox 168 3169 257 3232; x_wconf 86' lang='lat' dir='ltr'>Nube</span> <span class='ocrx_word' id='word_1_198' title='bbox 272 3168 344 3252; x_wconf 85' lang='lat' dir='ltr'>sugit</span> <span class='ocrx_word' id='word_1_199' title='bbox 360 3168 432 3245; x_wconf 69' lang='lat' dir='ltr'>nsi,</span> <span class='ocrx_word' id='word_1_200' title='bbox 447 3166 664 3252; x_wconf 87' lang='lat' dir='ltr'>pendentiaque</span> <span class='ocrx_word' id='word_1_201' title='bbox 679 3169 920 3252; x_wconf 75' lang='lat' dir='ltr'>undique‘rector</span> <span class='ocrx_word' id='word_1_202' title='bbox 976 3237 981 3247; x_wconf 63' lang='grc'><strong><em>,</em></strong></span> <span class='ocrx_word' id='word_1_203' title='bbox 1096 3173 1138 3236; x_wconf 78' lang='grc'>85</span> 
     </span>
    </p>

    <p class='ocr_par' dir='ltr' id='par_1_29' title="bbox 168 3251 977 3350">
     <span class='ocr_line' id='line_1_30' title="bbox 168 3251 977 3350; baseline 0 -20"><span class='ocrx_word' id='word_1_204' title='bbox 168 3267 299 3330; x_wconf 88' lang='lat' dir='ltr'>Carbasa</span> <span class='ocrx_word' id='word_1_205' title='bbox 314 3266 443 3344; x_wconf 84' lang='lat' dir='ltr'>deducit,</span> <span class='ocrx_word' id='word_1_206' title='bbox 459 3288 497 3328; x_wconf 89' lang='lat' dir='ltr'>ne</span> <span class='ocrx_word' id='word_1_207' title='bbox 513 3265 659 3350; x_wconf 68' lang='lat' dir='ltr'>qualevis</span> <span class='ocrx_word' id='word_1_208' title='bbox 674 3266 773 3328; x_wconf 86' lang='lat' dir='ltr'>effluat</span> <span class='ocrx_word' id='word_1_209' title='bbox 789 3289 868 3330; x_wconf 88' lang='lat' dir='ltr'>aura.</span> <span class='ocrx_word' id='word_1_210' title='bbox 972 3251 977 3261; x_wconf 59' lang='grc'><strong>’</strong></span> 
     </span>
    </p>

    <p class='ocr_par' dir='ltr' id='par_1_30' title="bbox 169 3361 895 3427">
     <span class='ocr_line' id='line_1_31' title="bbox 169 3361 895 3427; baseline 0.004 -3"><span class='ocrx_word' id='word_1_211' title='bbox 169 3361 273 3425; x_wconf 76' lang='lat' dir='ltr'>Frena</span> <span class='ocrx_word' id='word_1_212' title='bbox 288 3363 385 3426; x_wconf 89' lang='lat' dir='ltr'>dabat.</span> <span class='ocrx_word' id='word_1_213' title='bbox 430 3363 563 3426; x_wconf 86' lang='lat' dir='ltr'>Dantem</span> <span class='ocrx_word' id='word_1_214' title='bbox 577 3385 635 3425; x_wconf 88' lang='lat' dir='ltr'>non</span> <span class='ocrx_word' id='word_1_215' title='bbox 651 3364 789 3427; x_wconf 88' lang='lat' dir='ltr'>evitabile</span> <span class='ocrx_word' id='word_1_216' title='bbox 802 3365 895 3427; x_wconf 88' lang='lat' dir='ltr'>telum</span> 
     </span>
    </p>

    <p class='ocr_par' dir='ltr' id='par_1_31' title="bbox 169 3459 973 3545">
     <span class='ocr_line' id='line_1_32' title="bbox 169 3459 973 3545; baseline 0.001 -21"><span class='ocrx_word' id='word_1_217' title='bbox 169 3459 385 3544; x_wconf 81' lang='lat' dir='ltr'>Consequitur:</span> <span class='ocrx_word' id='word_1_218' title='bbox 407 3461 580 3545; x_wconf 71' lang='lat' dir='ltr'>summique</span> <span class='ocrx_word' id='word_1_219' title='bbox 596 3475 724 3524; x_wconf 87' lang='lat' dir='ltr'>tremens</span> <span class='ocrx_word' id='word_1_220' title='bbox 738 3463 853 3525; x_wconf 89' lang='lat' dir='ltr'>cervice</span> <span class='ocrx_word' id='word_1_221' title='bbox 868 3462 973 3544; x_wconf 86' lang='lat' dir='ltr'>sagitta</span> 
     </span>
    </p>
   </div>
   <div class='ocr_carea' id='block_1_3' title="bbox 171 3555 924 3716">
    <p class='ocr_par' dir='ltr' id='par_1_32' title="bbox 171 3555 924 3716">
     <span class='ocr_line' id='line_1_33' title="bbox 171 3555 924 3641; baseline 0 -22"><span class='ocrx_word' id='word_1_222' title='bbox 171 3555 283 3634; x_wconf 77' lang='lat' dir='ltr'>Hesit3</span> <span class='ocrx_word' id='word_1_223' title='bbox 302 3571 334 3619; x_wconf 90' lang='lat' dir='ltr'>et</span> <span class='ocrx_word' id='word_1_224' title='bbox 348 3559 482 3621; x_wconf 83' lang='lat' dir='ltr'>exstabat</span> <span class='ocrx_word' id='word_1_225' title='bbox 496 3560 608 3621; x_wconf 90' lang='lat' dir='ltr'>nudum</span> <span class='ocrx_word' id='word_1_226' title='bbox 619 3559 660 3621; x_wconf 71' lang='lat' dir='ltr'>‘de</span> <span class='ocrx_word' id='word_1_227' title='bbox 676 3571 793 3641; x_wconf 84' lang='lat' dir='ltr'>gutture</span> <span class='ocrx_word' id='word_1_228' title='bbox 805 3557 924 3620; x_wconf 83' lang='lat' dir='ltr'>serrum.</span> 
     </span>
     <span class='ocr_line' id='line_1_34' title="bbox 423 3657 443 3716; baseline 0 0"><span class='ocrx_word' id='word_1_229' title='bbox 423 3657 443 3716; x_wconf 79' lang='lat' dir='ltr'>&#39;t</span> 
     </span>
    </p>
   </div>
   <div class='ocr_carea' id='block_1_4' title="bbox 0 0 1314 4216">
    <p class='ocr_par' dir='ltr' id='par_1_33' title="bbox 0 0 1314 4216">
     <span class='ocr_line' id='line_1_35' title="bbox 0 0 1314 4216; baseline 0 0"><span class='ocrx_word' id='word_1_230' title='bbox 0 0 1314 4216; x_wconf 95' lang='lat' dir='ltr'> </span> 
     </span>
    </p>
   </div>
  </div>
 </body>
</html>
