2608 4218
188 401 250 462 130
500 406 849 457 uerrucaruossou

184 554 254 618 Non
268 557 396 638 captiva,
410 571 510 638 rogat;
532 546 664 640 genitrici
679 575 785 644 corpus
801 557 966 640 inemptum
1051 545 1053 556 ¹
1070 545 1074 549 ⁵

184 652 332 716 Reddite:
355 675 432 716 neve
448 671 520 716 auro
533 655 656 716 redimat
667 654 715 739 jus
731 653 811 716 triste
826 654 964 737 sepulcri,
1040 737 1044 742 .
1125 723 1129 730 ,

184 750 246 813 Sed
260 752 408 835 lacrymis.
452 751 552 828 Tunc,
566 753 636 814 clim
651 765 776 836 poterat,
791 752 954 814 redimebat
969 765 999 814 et
1013 751 1108 813 auro!

226 848 365 912 Dixerat.
411 849 454 913 At
469 851 596 962 populus
610 849 765 932 lacrymas,
781 870 853 933 quas
869 850 917 912 illa
931 849 1063 926 tenebat,

183 943 254 1009 Non
268 961 361 1010 tenet.
405 945 474 1030 Ipse
489 947 577 1009 etiam
592 945 690 1009 flens
681 948 847 1033 invitusque
861 947 1000 1010 sacerdos
1094 947 1161 1008 470

183 1043 311 1108 Praebita
323 1044 458 1129 conjecto
473 1045 551 1127 mpit
565 1044 723 1128 precordia
736 1044 823 1106 ferro

182 1141 248 1219 Illa,
262 1157 471 1226 superterram
487 1141 603 1204 delecto
618 1142 732 1252 poplite
746 1140 862 1220 labeus,

183 1239 309 1302 Pertulit
324 1238 483 1323 intrepidos
499 1239 536 1300 ad
551 1238 611 1302 sata
625 1239 784 1302 novissima
798 1241 913 1302 vultus.
1007 1229 1009 1232 ¹

182 1337 318 1400 Troades
332 1337 495 1421 excipiunt,
511 1339 738 1422 deploratosque
753 1351 908 1401 recensent

183 1434 357 1513 Priamidas,
373 1449 403 1498 et
418 1435 488 1546 quid
503 1435 615 1498 dederit
629 1435 740 1498 domus
750 1458 808 1498 una
822 1436 943 1498 cruoris.
1093 1436 1159 1497 475

183 1532 292 1618 Teque
308 1546 441 1616 gemunt,
455 1533 557 1615 virgo3
567 1543 680 1618 ¹teque,
694 1555 713 1594 o
728 1533 818 1596 modo
833 1531 1049 1617 regiaconjux,
1091 1611 1094 1617 ι
1129 1597 1132 1600 ,

180 1627 282 1713 Regia
297 1631 375 1693 dicta
390 1649 509 1714 parem,
528 1630 605 1692 Asie
619 1630 773 1694 florentis'
766 1652 880 1712 imago·
872 1679 881 1708 ,

183 1727 274 1791 Nunc
289 1730 378 1792 etiam
393 1729 498 1812 praedae
512 1729 589 1791 mala
604 1751 682 1792 sors:
706 1745 795 1814 quam
809 1729 903 1794 victor
916 1725 1043 1818 Ulysses
1117 1799 1120 1812 x

183 1825 259 1888 Esse
274 1847 358 1887 suam
372 1826 476 1902 nollet,
491 1825 547 1888 uisi
539 1825 676 1909 quod
657 1840 756 1892 tamen
772 1810 902 1888 Hectore
916 1839 1002 1918 partu
1096 1907 1099 1912 .

182 1921 337 1985 Edideras.
383 1921 548 1984 Dominum
563 1923 648 1984 matri
665 1923 714 1983 vix
728 1923 838 2004 reperit
851 1913 978 1985 Hector.
1093 1922 1159 1999 480

183 2017 261 2093 Qua
275 2039 382 2102 corpus
396 2018 555 2100 complexa
569 2019 672 2080 anime
687 2032 747 2080 tam
763 2016 844 2080 fortis
860 2019 958 2097 inane,

182 2113 268 2189 Quas
283 2116 369 2178 toties
383 2114 483 2198 patrie
498 2113 630 2198 dederet,
645 2115 790 2198 natisque,
806 2115 938 2198 viroque,
1029 2129 1030 2134 ’

182 2211 263 2276 Huic
278 2227 397 2298 quoque
411 2212 461 2276 dat
476 2212 622 2296 lacrymas
632 2213 643 2289 ;'
661 2211 808 2295 lacrymas
824 2212 854 2274 in
871 2212 993 2274 vulnere
1007 2211 1120 2296 fundit:

182 2308 354 2395 Osculaque
369 2332 420 2374 ore
435 2311 517 2393 legit,
532 2324 732 2393 consuetaque
747 2323 869 2393 pectora
884 2309 1020 2393 plangit}
1072 2365 1074 2368 .

182 2406 392 2490 Canitiemque
408 2429 496 2498 suam,
506 2420 646 2471 concreto
659 2407 689 2469 in
705 2408 847 2488 sanguine
863 2428 992 2484 verrens,
1092 2409 1158 2472 485

182 2503 273 2567 Plura
287 2505 416 2590 quidem,
431 2505 484 2566 sed
500 2516 530 2566 et
545 2504 618 2579 heo,
633 2503 742 2579 laniato
758 2518 877 2586 pectore
893 2503 984 2567 dixit:
1076 2497 1080 2500 ’
1107 2491 1112 2496 .
1128 2511 1129 2514 ’

182 2598 281 2664 ‘Nata
295 2616 350 2663 tuae
369 2600 455 2686 (quid
469 2601 549 2665 enim
564 2614 698 2682 superest
707 2598 735 2684 l)
753 2600 836 2663 dolor
850 2599 953 2664 ultime
967 2602 1064 2680 matri,

182 2695 270 2774 Nata,
281 2698 382 2782 jaces:
407 2697 554 2781 videoque
571 2695 748 2774 tuumpmea
764 2697 894 2775 vulnera,
910 2700 1027 2762 vulnus

181 2795 241 2873 Eu,
256 2817 294 2858 ne
310 2794 486 2878 perdiderim
502 2816 668 2879 quenquam
684 2795 746 2859 sine
760 2793 841 2858 cede
855 2818 1016 2880 ιιιιοιιιιιι,Ι

181 2893 231 2956 Tu
247 2915 364 2979 quoque
381 2895 485 2957 vulnus
501 2891 603 2959 habes
649 2894 692 2957 At
706 2908 747 2973 te,
763 2895 832 2980 quia
847 2893 978 2973 foemina,
993 2897 1078 2961 rebar
1091 2898 1162 2977 4901

181 2991 211 3055 A
227 2990 302 3054 serm
317 3005 426 3055 tutam:
451 2991 582 3058 cecidisti
597 3007 627 3054 et
641 2991 762 3055 foemina
777 2992 863 3057 ferro.

180 3087 303 3172 Totque
317 3103 384 3151 tuos
399 3089 480 3152 idem
495 3089 608 3167 fratres,
623 3104 652 3152 te
669 3081 795 3172 perdidit
809 3091 900 3167 idem,

144 3269 148 3277 1
169 3186 318 3249 Exitium
331 3185 440 3271 Trojae,
456 3187 605 3271 nostrique
619 3188 745 3264 orbator,
760 3188 905 3249 Achilles.

181 3285 225 3347 At
240 3298 396 3367 postquam
411 3280 526 3346 Paridis
540 3284 647 3346 cecidit
661 3283 829 3366 Phoebique
845 3283 974 3364 sagittis3

181 3388 201 3420 “
212 3381 301 3444 Nune
315 3381 428 3457 certe,''
445 3381 517 3457 dixi,
533 3387 553 3416 “
563 3402 621 3442 non
637 3393 683 3443 est
696 3379 1055 3444 metuendus'Achilles.”
1091 3383 1156 3448 495

182 3480 271 3546 Nunc
287 3499 403 3564 quoque
418 3477 460 3540 mi
473 3477 649 3539 metuendus
663 3491 736 3538 erat.
780 3475 865 3540 Cinis
880 3477 944 3562 ipse
962 3479 1070 3562 sepulti

182 3578 216 3643 ln
230 3597 324 3663 genus
338 3579 395 3640 hoc
410 3575 508 3640 saevit:
531 3575 645 3638 tumulo
660 3593 777 3660 quoque
792 3573 935 3638 sensimus
950 3577 1085 3641 hostem:
1160 3643 1167 3654 ,
