2608 4218
566 407 672 466 mnan
697 415 770 467 xlv.
808 390 815 426 ³

446 649 798 756 ‘'umnnmv.
867 677 869 685 2
937 705 938 712 a

437 853 614 899 AENEASM
635 854 742 896 REGES
768 853 895 896 mma
957 853 959 856 ’
1042 889 1044 896 ,

609 1007 724 1066 v2445.
874 985 875 996 '

180 1143 311 1208 Solvitur
325 1147 450 1210 herboso
464 1147 600 1229 religatus
616 1149 775 1230 ab'aggere'
790 1148 883 1213 funis:
900 1147 907 1158 “
955 1155 967 1229 ff
996 1153 1015 1190 ·'

180 1237 223 1304 Et
236 1245 337 1326 procul
351 1244 478 1321 insidias,
493 1243 701 1330 infamataeque
716 1245 899 1330 relinquunt
964 1299 967 1304 .
990 1267 995 1275 ¹

179 1331 277 1404 Tecta
289 1341 364 1418 deae,
378 1343 519 1426 lucosque
536 1357 650 1426 petunt,
666 1343 714 1405 ubi
727 1344 844 1406 nubilus
858 1344 963 1408 umbri
1004 1329 1020 1353 ‘⁴
1036 1387 1038 1392 ,

179 1434 215 1503 ln
230 1437 310 1500 mare
324 1459 392 1500 cum
408 1439 487 1500 flavi
499 1440 663 1524 prorumpit
676 1439 786 1522 Tybris
801 1441 900 1502 areni.
1127 1432 1130 1440 ’

179 1531 417 1619 Faunigenaeque
432 1536 520 1598 domo
534 1538 644 1620 potitur
657 1537 785 1620 natique
800 1536 900 1600 Latini
910 1559 918 1614 ;
970 1561 972 1567 ⁸
992 1561 995 1566 ·
1019 1527 1027 1542 ⁵
1132 1544 1152 1606 ὖ

115 1667 117 1670 -
168 1624 250 1692 'Non
265 1631 330 1692 sine
342 1631 439 1694 Marte
455 1647 564 1695 tamen.
608 1633 730 1696 Bellum
744 1653 813 1694 cum
827 1648 915 1716 gente
930 1627 1019 1698 feroci
1077 1655 1080 1662 ’
1135 1632 1138 1640 ’

179 1727 363 1812 Suscipitur3
384 1729 530 1813 pactique
545 1729 611 1792 surit
628 1751 681 1812 pro
695 1725 820 1814 conjuge
834 1730 965 1795 Turnus.
1139 1723 1142 1730 ¹

222 1823 379 1888 Concurrit
394 1825 482 1888 Latio
496 1823 664 1909 Tyrrhenia
679 1841 756 1890 tota:
780 1827 890 1911 diuque

179 1917 283 1984 Ardua
297 1923 425 1987 sollicitis
441 1924 710 2008 uictoria-quaeritur
724 1925 821 1987 annis.

177 2012 280 2101 Auget
293 2035 417 2104 uterque
431 2041 498 2083 suas
514 2035 638 2083 externo
652 2021 755 2108 robore
771 2023 863 2085 vires:

179 2115 219 2196 Et
235 2118 317 2179 multi
333 2117 472 2195 Rutulos,
488 2119 570 2182 multi
586 2117 717 2203 Trojano
733 2133 852 2181 tuentur

178 2214 294 2277 Castra.
334 2214 446 2300 Neque
465 2216 574 2280 AEneas
589 2215 720 2306 Evandri
735 2217 772 2277 ad
786 2217 886 2278 limina
901 2215 1016 2295 frustri,

178 2311 221 2374 At
237 2310 373 2374 Venulus
389 2333 524 2394 magnam
540 2311 654 2396 profugi
664 2310 825 2376 ‘Diomedis
840 2313 877 2374 ad
891 2314 999 2376 urbem·

179 2396 321 2470 Venerat.
365 2407 419 2470 llle
435 2407 554 2493 quidem
568 2408 622 2470 sub
636 2408 751 2492 lipyge
766 2409 895 2472 maxima
912 2408 1024 2474 Dauno
1066 2449 1068 2454 .
1136 2404 1140 2415 ’

177 2506 292 2569 Moenia
306 2497 486 2583 condiderat,
501 2505 667 2589 dotaliaque
683 2526 751 2568 arva
765 2507 895 2568 tenebat.
957 2589 958 2592 Ἴ
1032 2580 1034 2584 ,
1111 2506 1150 2573 lt

177 2604 238 2666 sed
255 2602 390 2666 Venulus
404 2601 499 2666 Turni
514 2618 669 2687 postquam
684 2603 820 2666 mandata
835 2603 959 2688 peregit,
1042 2637 1045 2639 ·
1135 2619 1164 2638 ·’

176 2701 390 2784 Auxiliumque
406 2701 479 2788 petit
490 2707 506 2776 ;'
520 2701 595 2762 vires
610 2701 739 2763 AEtolius
753 2701 840 2762 heros
1134 2700 1138 2710 “

178 2793 327 2886 Εζιοιιεεῑε
352 2819 407 2859 nee
422 2819 453 2860 se
469 2797 562 2858 soceri
576 2797 760 2860 committere
777 2817 881 2880 pugnae
975 2819 977 2828 ¹

179 2893 325 2956 Velle'sui
341 2894 483 2976 populos:
506 2913 573 2968 nee,
588 2905 662 2974 quos
678 2913 694 2965 e
710 2907 797 2973 gente
815 2915 933 2956 suorum

179 2990 295 3066 Armet,
310 2990 417 3052 habere
433 2989 520 3051 viros.
553 2987 671 3050 'Rutuli
686 2989 747 3050 sine
759 2989 947 3062 viribusillis
1106 2997 1149 3060 20

176 3087 265 3151 Bella
279 3089 419 3150 instructa
432 3100 556 3168 gerunt:
579 3083 765 3168 multumque
776 3086 812 3147 ab
823 3087 947 3170 utrique
958 3090 1068 3154 cruoris

176 3185 267 3249 Parte
282 3185 378 3248 datur.
423 3182 498 3247 Fert
512 3204 583 3246 ecce
599 3183 698 3245 avidas
713 3183 742 3244 in
758 3183 844 3266 pinea
857 3183 978 3249 Turnus
1120 3177 1142 3197 ’“

175 3281 277 3345 Texta
290 3281 386 3346 faces:
409 3282 550 3365 ignesque
566 3281 679 3357 timent,
696 3281 800 3364 quibus
814 3281 893 3344 unda
908 3285 1052 3366 pepercit.

149 3423 153 3432 ,
218 3377 344 3462 Jamque
361 3380 468 3465 picem,
484 3393 514 3441 et
528 3399 622 3454 cerm,
637 3379 832 3461 alimentaque
847 3393 952 3442 caetera
966 3380 1092 3448 flamme

176 3473 324 3538 Mulciber
338 3475 450 3554 urebat,
465 3497 577 3560 perque
592 3476 683 3537 altum
699 3475 735 3536 ad
751 3474 871 3537 carbasa
885 3477 996 3538 malum
1106 3477 1149 3540 25

176 3571 252 3644 lbat,
269 3586 297 3634 et
312 3573 436 3635 incurvre
452 3572 602 3636 fumabant
617 3586 740 3635 transtra
753 3571 878 3634 carinae:
