2604 4216
562 357 685 422 tmen
701 357 756 420 v„
869 317 873 330 ’
1099 355 1141 438 aa

169 501 353 594 Praemiaque
365 505 492 598 eripies?
515 531 578 594 quae
593 513 618 582 si
632 511 684 576 tibi
698 529 804 594 magua
818 508 953 576 videntur
961 529 970 590 3
1098 518 1140 580 25
1179 591 1183 597 ¹

170 605 227 669 Ex·
237 606 291 668 illis
306 608 443 690 scopulis,
458 607 507 670 ubi
523 621 605 671 erant
619 611 719 686 affixa,
732 608 871 692 petisses:

169 700 260 764 Nunc
274 702 347 779 sine,
364 703 414 786 qui
428 703 523 786 petiit,
538 699 593 787 per
607 726 695 790 quem
709 725 768 766 non
783 705 853 780 orba
866 720 1012 784 senectus,

169 793 274 882 Ferre,
288 799 366 882 quod
382 813 412 861 et
426 797 535 866 meritis
550 815 580 862 et
595 821 669 874 voce
683 813 727 888 est
742 815 862 884 pactus:
886 823 1012 888 eumque

169 892 240 957 Non
254 894 316 971 tibi,
332 894 384 957 sed
399 909 485 960 certa
499 897 652 982 prelatum
668 897 799 979 intellige.
811 899 918 966 morti.'

169 989 224 1052 Ille
238 991 310 1053 nihil
324 993 443 1074 contri:
466 992 519 1054 sed
534 1005 564 1056 et
578 993 667 1070 hunc,
684 1007 714 1057 et
727 993 839 1058 Persea
854 995 935 1058 vultu
1096 998 1138 1060 tt

170 1086 295 1150 Altemo
309 1102 455 1171 spectans,
470 1103 552 1172 petat
566 1089 645 1152 hunc
660 1083 782 1172 ignorat,
798 1091 942 1166 anillam.
968 1095 971 1102 “

169 1182 393 1274 Cunctatusque
409 1185 500 1263 brevi,
514 1200 676 1248 contortam
693 1177 799 1249 viribus
813 1187 938 1264 hastam,

167 1279 306 1354 Quantas
321 1281 362 1344 ira
376 1277 474 1359 dabat,
489 1283 684 1367 nequicquam
699 1284 728 1347 in
743 1282 854 1346 Persea
868 1284 954 1368 misit.

168 1375 213 1439 Ut
226 1378 306 1440 stetit
319 1377 369 1440 illa
383 1391 465 1456 toro;
487 1381 582 1444 stratis
596 1393 660 1442 tum
676 1373 802 1464 denique
817 1378 944 1444 Perseus
1101 1455 1105 1460 ¹

169 1473 315 1538 Exsiluit:
340 1477 457 1559 teloque
472 1475 555 1539 serox
571 1477 688 1540 inimica
701 1478 823 1540 remisso
1097 1479 1140 1554 35·

167 1569 297 1634 Pectora
311 1572 454 1654 nrpisset3
476 1573 530 1635 nisi
545 1588 612 1656 post
625 1574 725 1636 altaria
740 1572 872 1637 Phineus

167 1665 260 1730 Isset:
284 1680 314 1728 et
331 1665 512 1752 (indignum)
529 1670 670 1732 scelerato
686 1669 792 1752 profuit
807 1691 866 1732 ara.

167 1762 281 1826 Fronte
295 1776 394 1824 tamen
411 1762 515 1826 Rhoeti
530 1787 588 1826 non
604 1765 682 1829 irrita
695 1766 793 1849 cuspis
811 1766 941 1844 adhaesit.

166 1859 232 1933 Qui
247 1874 403 1943 postquam
418 1861 535 1938 cecidit,
551 1861 716 1948 ferrumque
731 1885 770 1926 ex
785 1885 849 1926 osse
864 1863 1011 1928 revulsum
1030 1877 1085 1943 est,

166 1944 308 2040 Palpitat,
324 1971 354 2019 et
369 1959 477 2040 positas
492 1959 638 2042 adspergit
652 1960 792 2045 sanguiue
807 1982 932 2027 mensas.
953 2021 954 2024 ,
993 2017 999 2022 .
1096 1963 1139 2025 40

209 2053 290 2116 Tum
306 2055 377 2116 verti
391 2047 546 2118 indomitas
561 2055 685 2122 ardescit
699 2057 804 2139 vulgus
819 2057 849 2122 iu
864 2045 942 2137 irat,

167 2147 302 2235 Telaque
317 2151 494 2238 conjiciunt:
517 2166 547 2216 et
562 2167 640 2229 suut,
656 2153 705 2237 qui
721 2153 847 2237 Cephea
862 2155 960 2222 dicant

167 2245 249 2310 Cum
263 2269 372 2330 genero
387 2249 495 2335 debere
511 2249 593 2312 mori.
639 2249 700 2310 Sed
714 2250 813 2312 limine
828 2251 899 2314 tecti
1058 2323 1059 2328 η

168 2343 292 2407 Exierat
307 2345 470 2430 Cepheus3
491 2358 612 2408 testatus
623 2345 742 2430 jusque,
756 2345 914 2430 fidemque,
982 2349 983 2354 ’

168 2439 355 2525 Hospitiique
371 2443 454 2520 deos,
469 2465 515 2520 ea,
530 2463 562 2506 se
578 2441 760 2528 prohibente,
776 2444 898 2506 moveri.
1097 2447 1139 2510 45

210 2538 325 2606 Bellica
340 2538 439 2603 Pallas
455 2541 547 2616 adest,
563 2553 593 2602 et
608 2540 734 2623 protegit
749 2541 840 2624 aegide
855 2539 989 2606 fratrem:

168 2632 289 2719 Datque
304 2637 427 2700 animos·
473 2637 546 2700 Erat
562 2637 651 2700 Indus
666 2637 765 2715 Athis,
781 2659 880 2726 quem,
894 2639 1017 2702 flumine
1031 2637 1137 2722 Gange

169 2731 268 2809 Edita,
284 2731 421 2798 Limnate
437 2735 536 2798 vitreis
551 2735 700 2822 peperisse
715 2736 769 2798 sub
783 2735 870 2799 antris

167 2827 319 2906 Creditur,
334 2831 592 2911 egregiuslormit:
617 2853 705 2915 quam
720 2831 809 2897 divite
824 2832 921 2895 cultu.

168 2925 320 3006 Augebat,
334 2926 379 2986 bis
394 2926 490 2988 adhuc
504 2928 617 2989 octonis
632 2927 746 3008 integer
759 2929 859 3002 anuis3
954 2995 956 3002 χ
1095 2931 1138 2994 50

168 3021 310 3085 inductus
324 3022 514 3104 chlamydem
528 3021 663 3104 Tyriam,
679 3043 766 3105 quam
780 3023 886 3088 limbus
900 3023 998 3088 obibat

169 3118 305 3181 Aureus:
329 3118 471 3183 ornabant
486 3131 587 3182 aurata
599 3119 717 3182 monilia
731 3120 849 3199 collum,

130 3279 138 3294 ,
169 3213 212 3281 Et
225 3215 357 3278 madidos
371 3215 491 3299 myrrlni
505 3237 629 3292 curvum
642 3216 749 3296 crinale
764 3217 893 3303 capillos.

169 3311 223 3375 llle
239 3312 357 3395 quidem
368 3312 467 3399 jaculo
481 3305 616 3398 quamvis
631 3313 765 3376 distantia
778 3315 866 3381 misso
1103 3377 1106 3384 r

169 3409 277 3492 Figere
293 3409 395 3474 doctus
410 3425 472 3477 erat
481 3433 490 3488 ;
511 3411 564 3476 sed
580 3410 700 3474 tendere
715 3412 826 3492 doctior
839 3433 933 3476 arcus.
1096 3413 1139 3476 5⁵

167 3507 252 3570 Tum
267 3529 383 3594 quoque
396 3509 477 3572 lenta
491 3530 580 3572 manu
595 3509 766 3582 flectentem
779 3531 889 3575 cornua
902 3509 1029 3575 Persem
