2608 4218
157 345 219 408 160
552 347 742 402 Eunomus.

155 500 240 566 Pone
255 500 338 579 deos,
352 513 382 564 et
396 519 460 584 que
475 497 623 582 tangendo
637 520 719 564 sacra
733 496 884 583 profanas:

196 596 266 661 Non
281 597 357 662 bene
371 597 509 662 eoelestes
524 595 613 680 impia
626 596 731 660 dextra
744 595 825 658 colit.

154 693 187 760 Si
201 710 233 758 tu
246 695 342 758 cultor
355 715 420 758 eras
435 693 541 778 elapsis
555 693 622 778 igne
638 691 769 771 futurus3

195 790 328 856 Poenitet
342 791 458 874 elapsos
473 790 586 874 ignibus
602 811 666 854 esse
681 789 761 853 deos.

146 881 214 952 *Sed
225 888 311 972 jubet
325 888 367 951 ire
383 889 466 962 deus.
511 884 631 950 Vellem
647 887 787 952 vetuisset
802 885 900 964 adire3

196 985 310 1048 Punica
324 1007 380 1049 nec
394 984 519 1048 Teucris
533 1005 633 1068 pressa
647 983 748 1048 fuisset
763 984 881 1046 humus.

153 1080 222 1146 Hoc
236 1083 312 1145 duce
330 1081 453 1168 (nempe
468 1079 552 1167 Deo)
571 1082 664 1144 ventis
679 1080 793 1164 agitaris
808 1080 923 1166 iniquis,

196 1177 236 1242 Et
251 1181 319 1244 teris
334 1180 363 1242 in
377 1179 479 1262 rapido
492 1193 626 1261 tempora
638 1177 726 1260 longa
740 1177 825 1244 freto.
876 1237 879 1247 .

153 1273 299 1358 Pergama
314 1275 364 1338 vix
378 1275 525 1346 tantotibi
539 1289 622 1336 erant
635 1276 797 1359 repetenda
810 1275 920 1352 labore,

194 1369 327 1436 Hectore
340 1373 364 1435 si
381 1372 458 1450 vivo,
474 1385 583 1456 quanta
598 1369 691 1450 fuere,
706 1371 811 1436 forent.

153 1465 222 1533 Non
237 1470 362 1554 patrium
378 1469 531 1532 Simoenta
545 1470 639 1553 petis;
661 1469 714 1532 sed
728 1468 865 1534 Tibridas
879 1467 983 1532 undas.

196 1565 325 1650 Nempe,
340 1579 374 1629 ut
389 1565 542 1650 pervenias
557 1566 617 1652 qui)
630 1567 725 1650 cupis,
740 1567 848 1650 hospes
863 1565 930 1630 eris.

55 1671 58 1684 '
152 1662 255 1747 thue
269 1665 351 1742 latet,
368 1664 495 1748 vitatque
510 1677 575 1727 tuas
590 1661 721 1727 abstrusa
735 1664 858 1740 carinas,

195 1759 256 1824 Vix
272 1761 323 1823 tibi
337 1761 488 1843 continget
502 1774 578 1824 terra
593 1762 685 1846 petita
698 1761 772 1824 seni.

150 1855 217 1922 Hos
232 1857 328 1940 potius
344 1857 469 1940 populos
484 1857 513 1919 in
528 1858 638 1935 dotem,
653 1857 777 1940 ambage
792 1855 922 1934 remissi,

193 1953 326 2036 Accipe3
348 1967 378 2015 et
393 1953 530 2015 advectas
546 1952 746 2035 Pygmalionis
760 1973 844 2036 opes.

151 2049 223 2114 ilion
238 2050 267 2114 in
281 2048 404 2133 Tyriam
421 2047 542 2112 transfer
556 2047 668 2112 felicius
683 2049 803 2112 urbem:

192 2145 349 2232 Hancque,
363 2146 461 2217 iocum
476 2146 567 2228 regni,
582 2159 756 2232 sceptraque
771 2165 853 2210 sacre
866 2160 946 2209 tene.

151 2243 183 2308 Si
198 2243 250 2308 tibi
264 2265 348 2306 mens
363 2243 449 2308 avida
464 2256 509 2306 est
523 2244 604 2320 belli,
619 2245 643 2306 si
658 2244 759 2328 querit
773 2242 855 2306 liiius

192 2339 282 2406 Unde
296 2363 350 2404 suo
364 2355 463 2424 partus
478 2337 576 2403 Marte
592 2341 756 2425 triumphus
771 2355 837 2419 eat;

150 2438 252 2514 Quem
267 2453 397 2522 superet,
412 2459 450 2500 ne
466 2438 536 2522 quid
551 2438 635 2514 desit,
650 2439 843 2522 praebebimus
857 2439 983 2504 hostem.

192 2535 250 2599 Hic
266 2536 345 2620 pacis
360 2536 451 2616 leges,
467 2534 514 2596 hic
529 2533 611 2596 locus
626 2554 706 2596 anna
719 2534 809 2618 capit.

148 2631 198 2696 Tu
214 2632 314 2708 modh,
329 2651 383 2714 per
396 2643 532 2708 matrem,
548 2628 731 2714 sratemaque
746 2632 816 2710 tela,
830 2633 960 2716 sagittas,
1059 2635 1119 2698 125

191 2726 310 2811 Perque
325 2726 399 2810 suge
414 2726 547 2804 comites,
563 2725 703 2790 Dardana
717 2749 809 2806 sacra,
824 2730 913 2793 deos:

147 2825 216 2912 (Sic
230 2839 381 2909 superent,
396 2845 586 2910 quoscunque
600 2825 652 2889 tuh
666 2824 705 2888 de
719 2841 808 2908 gente
822 2841 964 2912 reportas,

191 2921 273 2984 Mars
288 2921 365 2986 serus
380 2936 410 2985 et
425 2922 538 2986 damnis
552 2923 589 2988 sit
604 2924 707 2986 modus
723 2924 772 2987 ille
786 2925 855 3004 tuis,

150 3019 353 3103 Ascaniusque
368 3041 436 3082 suos
451 3003 574 3084 feliciter
587 3021 709 3104 impleat
720 3043 822 3100 annos,

193 3115 234 3178 Et
247 3117 324 3178 senis
340 3117 479 3179 Anchise
494 3117 620 3180 molliter
633 3140 699 3181 ossa
714 3116 838 3204 cubent)
1059 3121 1119 3183 tao

149 3211 244 3275 Parce
260 3233 364 3294 precor
377 3213 488 3289 domui,
505 3236 568 3297 quae
583 3235 615 3276 se
630 3215 682 3277 tibi
697 3215 781 3278 tradit
798 3214 972 3298 hahendam.

192 3307 285 3381 Quod
299 3310 408 3371 crimen
424 3309 506 3386 dicis,
522 3325 626 3392 praeter
644 3312 768 3388 amasse,
785 3314 907 3375 meum?

150 3405 219 3470 Non
234 3426 290 3488 ego
304 3427 369 3468 sum
384 3405 519 3482 Phthias,
535 3407 705 3491 magnisque
719 3408 840 3470 oriunda
853 3405 1010 3492 Mycenis·

192 3501 259 3566 Nec
273 3516 414 3566 stetemnt
429 3503 457 3564 in
473 3515 502 3566 te
518 3501 618 3588 virque
633 3518 774 3588 paterque
789 3526 883 3568 meus.
