2608 4218
519 327 521 334 ⁴
589 360 745 416 urerer.

179 505 288 574 Exitus
299 511 433 596 euspicio
447 491 581 609 grsivior:
601 534 672 574 nem
678 527 785 610 nupta,
801 533 865 596 per
869 513 973 580 herbas

179 607 263 676 Dum
278 631 356 692 novq
370 607 518 674 Naiadum
531 590 621 672 turba
633 594 772 696 comitata
791 625 920 690 vagatur,
1110 669 1113 671 ,

179 704 334 780 Decidirj
314 729 355 783 rn
371 685 462 768 talurir
477 701 626 793 serpentis
637 687 725 768 dente
739 701 871 788 recepto
1111 697 1151 770 10

179 801 281 874 Quam
296 802 418 883 satisqed
432 823 552 888 superas
567 817 728 898 postquam
739 801 947 892 Rhodopeius
951 823 1056 896 aurusq

180 895 313 962 Deflevit
327 913 429 986 vates5
447 919 496 960 ne
498 921 562 960 non
576 913 702 978 tentaret
716 912 747 964 et
762 893 889 975 umbras,

178 995 229 1056 Ad
246 995 338 1078 Sty'ga
353 947 491 1059 Teucria
505 1009 549 1058 est
565 1001 652 1058 ausus
667 995 846 1057 descendere
862 994 986 1078 portd.

177 1091 296 1177 Perque
311 1095 393 1167 leves
407 1093 544 1176 populos,
559 1093 771 1175 simulacraque
786 1091 886 1154 functa
900 1091 1052 1174 sepulcris,

177 1188 390 1271 Persephonen
406 1191 486 1266 adiit,
500 1189 707 1273 inamoenaque
721 1209 813 1269 regna
828 1202 979 1252 tenentem
1110 1189 1148 1250 15

177 1283 355 1374 Umbrenum
370 1286 538 1348 dominum:
562 1285 711 1368 pulsisque
727 1286 765 1346 ad
779 1285 909 1348 carmina
923 1285 1020 1352 nervis
1066 1293 1069 1298 '

176 1383 227 1444 Sic
242 1384 299 1460 eit3
323 1383 370 1445 ‘O
386 1384 472 1466 positi
487 1383 542 1444 sub
556 1381 633 1444 terr-ir
646 1382 766 1444 numina
780 1381 891 1458 mundi,

176 1479 211 1541 In
226 1501 314 1563 quem
329 1480 484 1543 recidimus
501 1479 642 1562 quidquid
656 1477 777 1540 mortale
792 1499 926 1540 creemur
934 1498 942 1554 ;

175 1578 209 1639 Si
222 1579 302 1654 lieet,
317 1592 358 1654 et,
373 1577 435 1641 salsi
450 1577 550 1659 positis
565 1575 736 1656 ambagibus
749 1575 816 1650 oris,
850 1618 854 1624 -

176 1674 259 1736 Vere
273 1675 353 1758 loqui
368 1675 476 1748 sinitis3
499 1695 557 1736 non
569 1673 638 1746 huc,
653 1684 685 1731 ut
700 1691 795 1753 opaca
809 1671 940 1731 viderem
1105 1661 1147 1734 26

175 1771 311 1847 Tartara,
328 1770 485 1846 descendi3
507 1790 563 1832 nec
578 1767 622 1828 uti
638 1766 739 1830 villosa
752 1766 878 1830 colubris

144 1947 145 1950 Ἴ
174 1869 276 1930 Teme
291 1867 435 1930 Medusaei
451 1866 589 1929 vincirem
604 1877 723 1946 guttura
736 1863 867 1924 monstri.

174 1965 276 2028 Causa
292 1966 342 2027 vie
357 1962 467 2048 conjux
478 1984 489 2024 :¹
509 1963 537 2024 in
553 1982 641 2044 quam
656 1961 770 2032 celeste
785 1979 933 2020 venenum

177 2062 289 2146 Vipera
304 2061 434 2136 diffudit3
456 2073 682 2140 crescentesque
697 2056 815 2120 abstulit
830 2075 931 2117 annos.

176 2160 268 2222 Posse
283 2159 345 2242 pati
359 2158 455 2220 volui:
479 2177 536 2218 nec
550 2155 743 2216 mevtentdsse
757 2152 884 2232 negabo.
1102 2151 1145 2212 25

177 2256 257 2319 Vicit
271 2257 376 2318 Amor.
420 2252 537 2338 Supcrt
550 2251 625 2312 deus
639 2249 686 2311 hic
701 2245 777 2309 ben'e
792 2261 878 2315 notus
892 2247 922 2334 in
937 2245 989 2306 ord
1003 2259 1058 2308 est.

175 2357 226 2416 An
241 2355 278 2416 sit
292 2367 321 2414 et
336 2353 396 2428 hic,
412 2351 530 2412 dubito:
553 2347 606 2410 sed
621 2359 650 2408 et
666 2343 715 2407 hic
729 2359 829 2406 tamen
845 2363 969 2424 auguror
983 2363 1058 2404 esse.

176 2449 327 2533 Famaque
338 2449 364 2511 ¹si
380 2462 512 2510 veterem
527 2467 587 2509 non
601 2431 646 2504 est
660 2441 782 2504 mentita
798 2427 939 2522 rupinum,

176 2546 239 2608 Vos
251 2567 367 2630 quoque
378 2545 477 2629 junxit
489 2544 592 2604 Amor.
638 2540 698 2602 Per
708 2559 764 2620 ego
775 2537 838 2598 hec
849 2537 914 2598 loce
925 2536 1013 2618 plena
1023 2533 1143 2611 timoris,

175 2643 235 2704 Per
248 2643 351 2705 Chaos
365 2642 421 2702 hoo
435 2641 548 2720 ingens,
564 2637 699 2719 vastique
710 2634 825 2712 silentia
838 2633 930 2714 regni,
1100 2633 1144 2712 30

174 2739 429 2822 Ευϊγάὶοεεφῑο,
442 2748 598 2819 properata
611 2731 736 2794 retexite
751 2731 810 2790 fila.

173 2835 283 2897 Omnia
298 2835 440 2896 debemur
456 2831 555 2906 vobis;
577 2829 756 2911 paulumque
775 2825 888 2900 morati,

173 2933 274 2994 Serius
288 2943 338 2990 aut
352 2928 436 2990 citius
451 2927 553 2986 sedern
569 2941 758 3006 properamus
773 2921 808 2980 ad
825 2940 924 2980 unam.

172 3027 338 3090 Tendimus
353 3025 411 3086 h'uc
426 3041 540 3095 omnes,
556 3021 618 3080 hnc
633 3030 678 3078 est
693 3016 797 3076 domus
811 3015 929 3076 ultime:
955 3035 1064 3098 vosque

173 3123 304 3186 Humani
320 3120 434 3202 generis
449 3116 615 3197 longissima
631 3133 722 3193 regna
735 3109 852 3173 tenetis.
1098 3113 1145 3176 35

173 3221 251 3283 Hoc
268 3238 395 3303 quoque,
410 3215 477 3296 cion
489 3213 584 3298 justos
599 3224 711 3272 matura
726 3207 872 3290 peregerit
886 3227 986 3284 curros,

171 3317 250 3380 Juris
266 3316 320 3378 e'rit
330 3313 431 3376 ¹vestri.
477 3311 537 3373 Pro
552 3329 674 3370 munere
689 3305 835 3390 poscimus
849 3325 945 3366 usum.

172 3407 225 3487 Qu
231 3415 266 3475 fd
280 3413 302 3474 si
318 3411 377 3474 sata
391 3423 499 3492 negent
515 3407 630 3468 veniam
644 3426 698 3488 pro
712 3401 849 3485 conjuge,
862 3415 976 3464 certum
990 3413 1036 3462 est

172 3509 262 3574 Nolle
276 3509 370 3572 redire
385 3506 466 3568 mihi.
498 3505 589 3567 =Leto
604 3503 731 3586 gaudete
746 3498 890 3561 duorum?
