2608 4218
155 347 209 422 te,
464 317 806 425 uuruuonrnosuou
891 345 903 367 ·

195 503 283 579 Talia
296 504 454 581 dicentem,
469 527 632 589 nervosque
646 506 686 566 ad
702 507 790 568 verba
800 485 983 582 moventem,
1051 520 1060 565 J
1076 506 1120 576 4ο
1292 389 1298 658 4

155 598 329 683 Exsangues
344 602 455 686 flebant
467 603 579 667 animae.
624 601 691 664 Nec
704 602 848 664 Tantalus
862 601 970 663 undam
1057 629 1061 634 ·

154 693 295 780 Captavit
309 677 458 780 refugam:
482 699 650 781 stupuitque
665 698 775 764 Ixionis
789 697 877 762 orbis.

156 792 222 856 Nec
236 796 371 877 carpsere
383 795 468 880 jecur
482 796 633 857 volucres:
657 795 795 877 urnisque
812 793 952 857 vacarunt

155 889 323 962 Belides:
317 913 404 1004 mque
420 906 471 954 tuo
485 891 595 966 sedisti,
609 892 748 986 Sisyphe,
758 911 846 956 saxo.

155 983 237 1048 Tum
253 986 377 1068 primum
392 987 527 1069 lacrymis
543 987 683 1050 victarum
697 987 826 1053 carmine
842 986 919 1050 farne
934 1001 991 1049 'est
1032 989 1138 1058 45

157 1079 356 1150 Eumenidum
370 1083 515 1144 maduisse
524 1104 632 1163 genas:
656 1103 713 1144 nec
726 1084 805 1164 regia
819 1082 934 1168 conjux

156 1175 288 1242 Sustinet
303 1179 406 1255 oranti,
420 1201 476 1242 nec
491 1180 540 1270 qui
554 1180 627 1260 regit
642 1179 712 1254 ima,
726 1201 851 1260 negare:
899 1177 918 1247 'f

158 1273 386 1358 Eurydicenque
402 1289 516 1337 vocant.
562 1274 689 1338 Umbras
703 1290 765 1338 erat
779 1277 828 1340 illa
842 1290 974 1362 recentes
1017 1268 1023 1302 5
1058 1313 1065 1331 ι

157 1368 253 1434 luter:
276 1384 307 1432 et
321 1370 437 1434 incessit
452 1393 539 1454 passu
554 1356 591 1438 de
606 1372 725 1434 vulnere
737 1373 833 1437 tardo.
1077 1437 1079 1440 .

157 1463 246 1528 Hanc
260 1467 345 1528 simul
361 1480 392 1528 et
405 1467 502 1548 legem
517 1457 712 1550 Rhodopeius
728 1469 834 1551 accipit
848 1457 946 1548 herde,
1039 1514 1042 1519 -
1128 1520 1130 1526 ,

158 1561 207 1625 Ne
222 1563 323 1628 flectat
337 1578 415 1626 retro
428 1585 480 1626 sua
494 1565 621 1640 lumina;
644 1563 738 1630 donec
753 1565 897 1628 Avernas.

158 1658 273 1723 Exierit
288 1661 397 1724 valles:
421 1674 470 1724 aut
484 1661 560 1723 irrita
574 1661 650 1724 dona
665 1651 775 1730 sutura.¹

200 1755 340 1838 Carpitur
354 1758 482 1819 acclivus
497 1779 550 1840 per
564 1758 772 1821 muta'silentia
786 1772 907 1836 trames,

158 1851 287 1928 Arduus,
302 1853 451 1928 obscurus,
466 1854 589 1934 caligine
602 1855 711 1916 densus
725 1855 830 1935 opaca.

158 1947 225 2010 Nec
241 1948 341 2030 procul
357 1947 512 2029 ahsuerunt
526 1948 635 2010 telluris
646 1949 778 2029 margine
793 1971 925 2010 summa.
943 1940 946 1948 ¹

159 2042 233 2120 Htc,
244 2065 283 2106 ne
298 2043 446 2120 deficeret,
462 2056 607 2120 metuens,
622 2044 782 2126 avidusque
799 2045 926 2121 videndi,
957 2075 958 2080 ¹

158 2137 260 2202 Fleuit
275 2159 375 2201 amans
390 2141 507 2202 oculos:
530 2154 561 2202 et
575 2141 705 2223 protinus
721 2141 769 2202 illa
782 2147 898 2224 relapsa
912 2155 982 2212 est„
1015 2191 1017 2196 s
1109 2202 1112 2214 ,

158 2235 344 2319 Brachioque
359 2237 522 2312 intendens,
538 2238 699 2320 prendique
713 2251 744 2299 et
758 2232 900 2322 prendere
915 2251 1040 2316 certans,
1091 2303 1093 2307 ,

159 2331 252 2395 Nil
224 2353 278 2396 msr
270 2333 432 2396 'cedentes
445 2333 548 2396 infelix
563 2335 660 2416 arripit
676 2355 771 2396 aurae.

158 2424 309 2512 Jamque
302 2444 406 2491 iterum
421 2431 547 2490 moriens
559 2451 620 2492 ιιοιι
634 2443 679 2490 est
693 2431 730 2490 de
742 2429 829 2512 conju
830 2451 866 2510 ge
883 2431 1041 2515 quidquam
1083 2393 1127 2494 60

160 2521 278 2598 Questa
291 2544 361 2586 ιιιιο.
385 2525 454 2606 quid
469 2525 547 2584 enim
562 2524 615 2584 nisi
629 2545 661 2585 se
677 2519 847 2633 quereretur
862 2528 1009 2589 amatam?

160 2618 396 2702 Supremumque
412 2620 487 2694 vale,
503 2617 604 2701 quod
592 2641 654 2700 Jam
670 2621 721 2682 vix
735 2620 851 2692 auribus
865 2623 914 2685 ille

161 2717 332 2798 Acciperet,
348 2714 438 2776 dixit:
462 2714 652 2798 revolutaque
668 2738 764 2778 rursus
779 2717 885 2780 eddem
901 2733 956 2780 est.

203 2811 233 2874 N
235 2833 273 2873 on
288 2811 371 2872 aliter
385 2811 497 2892 stupuit
507 2809 626 2892 gemini
640 2833 715 2874 nece
729 2812 860 2897 conjugis
875 2813 1026 2897 Orpheus,

161 2904 263 2981 Qu'am
278 2907 332 2970 tria
346 2907 394 2990 qui
409 2907 537 2984 timidus,
553 2907 650 2968 medio
662 2923 794 2990 portante
809 2924 937 2987 catenas,
1084 2913 1126 2974 65

160 3003 249 3071 Colla
262 3007 343 3069 canis
358 3007 445 3070 vidit:
470 3026 558 3090 quem
573 3029 630 3069 non
646 3008 819 3090 pavor'ante
831 3011 957 3094 reliquit,

161 3098 264 3175 Quam
278 3115 378 3164 natura
393 3104 480 3184 prior,
492 3111 564 3165 saxo
578 3124 749 3185 percorpus
764 3106 882 3168 oborto:

161 3195 284 3281 Quique
299 3199 327 3259 in
342 3219 374 3258 se
389 3199 498 3260 crimen
514 3200 612 3272 traxit,
627 3199 776 3282 voluitque
791 3202 881 3262 videri

161 3291 274 3358 Olenos
289 3315 353 3356 esse
368 3315 494 3354 nocens:
517 3307 608 3374 tuque
623 3316 641 3354 0
655 3296 763 3356 confisa
776 3295 883 3374 figure,

163 3390 268 3454 lnlelix
283 3389 415 3464 Lethaea,
430 3402 505 3462 tuae3
523 3387 704 3469 junctissima
719 3389 866 3471 quondam
1084 3397 1138 3458 70r

163 3487 299 3567 Pectora,
313 3505 391 3548 nunc
405 3485 529 3569 lapides,
545 3505 616 3569 quos
630 3484 750 3546 humida
764 3486 886 3548 sustinet
899 3485 963 3550 lde.
