2604 4216
146 367 187 433 tu
325 453 327 462 Ι
463 353 812 426 unrauonerroseou

71 585 75 594 ,
143 523 216 598 Quo
230 547 321 603 mare,
337 525 506 610 quo‘tellus,
521 531 713 608 comepta'que
728 521 890 605 regiacoeli
966 539 996 570 ⁴-
1083 550 1089 558 ·
1179 549 1183 565 ·

140 611 273 700 Ardeat;
295 623 441 692 etmundi
455 623 547 684 moles
562 623 685 705 operosa
698 623 820 696 laboret.
862 665 863 670 η
930 645 932 652 ⁴

141 720 218 782 Tela
231 735 421 804 reponuntur,
435 720 567 781 manibus
583 719 721 782 fabricata
735 717 917 802 Cyclopum.

141 817 238 879 Poena
253 819 490 901 placetdiversn,
505 839 597 898 genus
613 817 734 878 mortale
749 816 803 878 sub
818 816 903 878 undis

140 914 282 992 Perdere,
298 930 327 980 et
342 938 382 978 ex
397 915 476 978 omni
491 915 605 976 nimbos
620 915 765 976 dimittere
779 915 867 976 coelo.
908 945 911 950 ·

140 1011 279 1074 Protinus
293 1013 398 1076 AEoliis
413 1012 593 1094 Aquilonem
606 1012 715 1073 claudit
730 1012 758 1073 in
773 1011 871 1087 antriS,
914 1041 922 1054 Δ·
1007 1044 1010 1052 1

141 1105 183 1170 Et
198 1131 378 1192 quecunque
393 1109 493 1190 sugent
507 1109 640 1170 inductas
655 1108 772 1170 flamina
788 1109 897 1192 nubes:

141 1205 316 1290 Emittitque
332 1205 455 1268 Notum.
499 1203 628 1267 Madidis
643 1203 739 1266 Notus
754 1206 851 1267 evolat
871 1205 941 1282 alisq
1041 1185 1043 1192 ,
1087 1230 1090 1238 ·

941 1321 942 1330 ¹
1003 1323 1006 1332 ’
1049 1303 1113 1366 265

141 1302 318 1366 Terribilem
334 1303 420 1386 picei
433 1317 529 1366 tectus
543 1303 667 1384 caligine
683 1303 808 1367 vultum.

141 1399 242 1461 Barba
255 1401 350 1482 gravis
364 1400 487 1475 nimbis3
508 1399 589 1461 oanis
604 1399 668 1462 fluit
682 1400 760 1462 unda
774 1400 905 1482 capillis:
982 1411 983 1418 ’

1049 816 1114 878 260

141 1493 252 1558 F'tonte
267 1497 371 1558 sedeat
385 1497 515 1560 nebulae:
538 1511 634 1558 rorant
648 1509 820 1580 pennaque,
836 1498 993 1581 sinusque,
1029 1509 1031 1512 '

140 1593 243 1678 thue
258 1617 346 1656 manu
361 1593 421 1656 lata
435 1595 593 1677 pendentia
607 1581 706 1655 nubila'
719 1595 842 1676 pressit;
879 1619 881 1628 ’

140 1691 315 1773 Fit-fragor:
339 1692 407 1754 bino
422 1692 506 1754 densi
519 1691 679 1754 funduntur
693 1692 729 1752 ab
745 1693 851 1754 ethere
867 1691 968 1753 nimbi.

140 1785 255 1862 Nuntia
268 1787 403 1864 lunonis,
419 1789 512 1850 varios
527 1789 628 1850 induta
642 1789 764 1865 colores,

140 1883 281 1966 Concipit
296 1883 350 1946 Iris
365 1906 465 1967 aquas,
481 1885 675 1967 alimentaque
691 1885 815 1946 nubibus
831 1885 925 1946 affert.
957 1916 959 1920 ·

141 1977 315 2043 Sternuntur
328 1994 454 2062 segetes,
466 1981 661 2062 etsdeplorata
675 1981 771 2044 coloni
813 2049 814 2052 Ἴ

142 2076 221 2140 Vota
233 2077 352 2161 jacent3
374 2078 511 2160 longique
526 2077 607 2138 labor
621 2078 696 2161 perit
710 2071 804 2139 irritus
818 2077 897 2139 enni.

181 2175 212 2236 N
214 2197 248 2236 cc
262 2176 340 2238 coelo
354 2165 493 2237 contenta
506 2197 559 2236 suo
573 2173 656 2236 Jovis
672 2175 730 2238 ira:
753 2175 807 2237 sed
820 2161 903 2238 illum

140 2271 291 2334 Caemleus
306 2272 393 2334 stater
403 2273 488 2357 juvat
503 2273 689 2337 auxiliaribus
702 2275 799 2336 nudie.

140 2368 294 2432 Convocat
309 2371 358 2432 hio
372 2391 484 2434 amnes
529 2369 593 2442 Qui
607 2385 762 2454 postquam
778 2385 856 2432 tecta
871 2372 987 2454 tyranni

138 2465 290 2528 intravere
304 2467 359 2543 sui,
375 2465 462 2528 ‘Non
478 2480 523 2528 est
538 2466 701 2528 hortamine
716 2468 805 2548 longo

138 2563 169 2624 N
171 2564 247 2640 unc,'
264 2564 313 2641 ait,
329 2564 505 2625 ‘utendurm
529 2561 605 2625 vires
620 2565 760 2627 effirndite
774 2579 912 2628 ‘vestras‘

139 2659 188 2721 Sic
203 2683 277 2742 opus
294 2675 355 2723 est:
379 2661 489 2744 aperite
505 2660 607 2724 domos
617 2647 693 2738 zac,
708 2663 786 2724 mole
800 2664 925 2742 remota,
967 2691 969 2697 ·

138 2757 322 2819 Fluminibus
337 2758 438 2820 vestris
453 2771 529 2820 totas
543 2758 689 2820 immittite
704 2759 855 2822 habenas!
934 2791 937 2801 »

138 2853 157 2919 J
160 2869 281 2916 usserat.
326 2853 368 2916 Hi
383 2855 517 2930 redeunt,
532 2875 566 2916 ac
580 2855 708 2918 sontibus
722 2879 772 2920 ora
785 2859 929 2936 relaxant,
1029 2891 1032 2898 ·

139 2949 180 3012 Et
197 2951 353 3014 defrenato
368 2952 524 3014 volvuntur
538 2952 567 3015 in'
582 2975 697 3036 aequora
711 2975 810 3016 eursu.

138 3047 205 3129 lpse
221 3047 345 3110 tridente
360 3071 413 3110 suo
428 3062 534 3112 terram
548 3052 707 3132 percussit:
731 3066 760 3115 at
775 3053 823 3116 illa

139 3141 303 3220 Intremuit,
319 3159 459 3227 motuque
474 3146 553 3208 sinus
568 3147 707 3228 patefecit
722 3170 873 3230 aquarum.
960 3187 962 3190 ·
1004 3147 1008 3153 ’

138 3239 313 3322 Exspatiata
327 3255 415 3303 ruunt
429 3262 483 3324 per
496 3255 611 3324 apertos
625 3241 746 3306 flumina
764 3265 903 3326 campos;

138 3336 277 3420 Cumque
291 3338 359 3399 satis
374 3339 489 3400 arbusta
508 3338 604 3413 simul,
619 3341 818 3422 pecudesque,
834 3341 979 3424 virosque,

137 3433 304 3517 Tectaque,
318 3457 445 3518 cumque
460 3435 518 3496 suis
533 3431 649 3518 rapiunt
664 3438 823 3519 penetralia
836 3440 934 3502 sacris.

137 3530 241 3616 Siqua
257 3533 360 3597 domus
374 3533 489 3610 mansit,
503 3533 657 3618 potuitque
672 3534 804 3598 resistere
818 3549 900 3600 tanto

1049 1789 1116 1850 2Ἰο

1047 2277 1110 2347 275

1046 2765 1112 2826 280

1045 3249 1108 3310 285
