2608 4218
481 435 484 443 ·
548 402 657 456 utana
673 401 724 457 Ill.v

146 549 239 621 Haud
254 552 490 636 aliter'graditur,
505 556 594 640 qudm
608 556 634 618 si
647 553 792 620 venabula
806 555 885 638 tigris
937 617 939 622 χ
1003 595 1004 598 =

146 650 283 735 Corpore
297 653 357 714 lixa
372 663 463 735 gerat,
479 651 607 742 factique
622 652 760 736 refugerit
774 667 885 716 auctor.
953 699 956 704 -
1020 672 1033 684 ·

145 747 232 837 Sapo
248 749 331 812 illmn
345 750 471 832 gemitus
487 750 638 827 edentem,
653 771 730 834 saepe
746 749 930 827 frementem,
1076 755 1120 817 to

145 845 233 931 Sapo
247 859 444 910 retentantem
458 860 534 910 totas
549 846 705 930 infringere
722 862 840 924 vestes,
1045 857 1047 859 ’

145 942 517 1029 Stementemqu'etrabes,
532 945 765 1029 irascentemque
781 946 896 1008 videres

144 1038 310 1119 Montibus,
324 1053 374 1104 aut
389 1033 669 1126 patrio'tendentem
684 1039 804 1114 brachia
816 1043 906 1106 coelo.

188 1131 351 1204 Arboribus
364 1143 456 1220 caesiS,
472 1163 544 1226 quas
559 1127 649 1204 ardua
662 1157 795 1226 gesserat
808 1143 895 1221 (Ere,

143 1236 240 1322 Inque
255 1261 359 1323 pyram
374 1240 499 1317 structis,
515 1261 599 1304 arcus
614 1240 840 1324 pharetramque
855 1245 1008 1324 capacem,
1076 1242 1129 1306 75*

143 1333 319 1419 Regnaque
329 1337 439 1399 visuras
453 1337 558 1400 itemm
573 1335 703 1421 Trojano
717 1327 845 1419 sagittas,

144 1431 238 1494 Ferre
249 1432 337 1518 jubes
351 1433 599 1501 Paeantesatum:
624 1456 682 1518 quo
697 1433 816 1496 flamma
830 1435 980 1498 ministro·

144 1527 287 1594 Subdita:
311 1530 440 1614 dumque
455 1530 780 1612 avidiscornprenditur
793 1531 908 1612 ignibus
923 1551 1029 1615 agger3

144 1625 326 1707 Congeriem
341 1628 420 1690 silvae
436 1627 578 1690 Nemeaeo
593 1627 703 1688 vellere
719 1648 865 1692 summam
916 1635 918 1638 ’

144 1723 275 1789 Sternis:
294 1737 330 1786 et
344 1724 482 1808 impositi
496 1725 586 1786 clavae
601 1725 718 1785 cervice
733 1725 889 1802 recumbis,
957 1756 961 1760 ·
1078 1727 1121 1790 80

145 1819 236 1882 Haud
252 1821 309 1883 alio
324 1822 417 1898 vrrltu,
434 1810 522 1906 quiam
536 1821 560 1883 si
573 1821 700 1883 conviva
711 1820 836 1905 jaceres,
929 1888 931 1894 ¹

145 1918 226 1980 luter
239 1919 328 2001 plena
343 1920 415 1981 meri
429 1917 580 1980 redimitas
595 1909 708 2002 pocula
716 1919 810 1980 sertis.
833 1997 839 2006 .

187 2014 316 2099 Jamque
331 2017 442 2094 valens,
457 2030 488 2078 et
501 2015 530 2079 in
544 2037 634 2078 omne
648 2017 724 2078 latus
740 2013 845 2090 diffissa
858 2017 992 2095 sonabat,

145 2112 333 2196 Securasque
347 2127 435 2190 artus,
448 2127 743 2197 contemptoremque
759 2115 879 2196 petebat
981 2189 983 2194 X

35 2241 40 2250 «
145 2208 283 2271 Flamma
298 2231 393 2272 suum.
437 2209 580 2272 Timuere
596 2211 644 2272 dei
660 2232 714 2294 pro
725 2210 841 2272 vindice
855 2224 949 2274 terrae.
1077 2212 1119 2274 85

145 2304 233 2379 Quos
247 2307 289 2368 ita
306 2305 410 2392 (sensit
426 2306 520 2390 enim)
537 2307 604 2368 laeto
618 2307 772 2368 Saturnius
787 2327 837 2368 ore

145 2402 165 2463 J
167 2405 263 2486 u'piter
277 2405 448 2487 alloquitur:
470 2403 601 2466 ‘Nostra
615 2418 661 2467 est
676 2405 763 2466 timor
777 2403 831 2465 iste
847 2403 992 2487 voluptas,

146 2499 176 2561 O
191 2503 306 2584 superi:
330 2515 451 2586 totoque
466 2502 560 2564 libens
575 2503 646 2565 mihi
661 2515 782 2586 pectore
796 2514 903 2583 grator,

145 2597 239 2671 Qubd
254 2599 391 2662 memoris
406 2601 509 2686 populi
524 2600 606 2663 dicor
618 2615 774 2683 rectorque
789 2612 948 2684 paterque:

146 2695 188 2757 Et
202 2717 269 2758 mea
283 2697 438 2779 progenies
455 2711 552 2760 vestro
567 2719 684 2782 quoque
699 2711 763 2759 tuta
777 2695 877 2784 fayore
892 2710 948 2760 est.
963 2688 968 2699 ¹
1078 2697 1121 2760 90
1189 2782 1193 2790 μ

146 2791 176 2854 N
179 2814 226 2854 am
242 2813 407 2880 quanquam
422 2794 513 2876 ipsius
529 2795 616 2855 datur
630 2795 686 2855 hoc
701 2794 876 2856 immanibus
891 2794 981 2870 actis;

145 2888 270 2971 Obligor
284 2891 347 2972 ipse
362 2902 473 2951 tamen.
519 2890 580 2952 Sed
594 2891 684 2966 enim,
698 2912 736 2952 ne
752 2904 872 2972 pectora
886 2911 962 2952 vano

146 2984 223 3048 Fida
237 3000 319 3048 metu
335 3001 474 3068 paveant,
490 2985 603 3046 OEtaeas
618 2987 747 3069 spernite
763 2986 906 3069 flammas.

34 3132 41 3141 .
146 3083 257 3146 Omnia
272 3083 321 3167 qui
337 3083 416 3158 vicit,
433 3083 542 3158 vincet,
558 3103 630 3165 quos
645 3082 774 3158 cernitis,
789 3083 882 3164 ignes,

146 3180 213 3244 Nec
227 3182 281 3243 uisi
296 3179 430 3243 materni
445 3179 613 3242 Vulcanum
630 3194 712 3264 parte
727 3193 879 3263 potentem
1078 3183 1120 3247 95

146 3279 271 3341 Sentiet.
316 3279 473 3341 AEtemum
490 3292 546 3356 est,
562 3300 579 3340 a
593 3299 642 3340 me
658 3277 736 3362 quod
751 3279 850 3355 traxit,
865 3292 895 3341 et
910 3301 1028 3364 expers,
1095 3303 1100 3311 ·

147 3377 248 3459 Atque
263 3378 392 3440 immune
408 3377 499 3454 necle,
515 3376 655 3462 nullique
670 3377 815 3438 domabile
831 3376 960 3440 flammi.

146 3472 240 3556 quue
256 3496 311 3555 ego
326 3474 496 3538 defunctum
513 3475 590 3538 terre
604 3475 773 3546 coelestibus
788 3473 844 3536 oris

148 3571 314 3654 Accipiam,
328 3574 501 3656 cunctisque
515 3575 616 3636 lneum
630 3572 754 3634 latrabile
770 3570 879 3632 laetum
950 3622 952 3626 ,
