2604 4216
157 337 207 412 62,
466 337 812 418 METAMORPHOSEON

197 494 310 559 Verum
325 496 374 562 ubi
390 496 526 560 virtutem
541 497 631 560 turbae
646 494 837 564 succumbere
853 499 935 576 vidit,
1065 504 1127 569 12⁰

153 593 347 671 ‘Auxilium'
364 594 501 671 Perseus,
518 595 674 678 ‘quoniam
689 597 731 660 sic
745 597 848 678 cogitis
863 597 939 682 ipsi,'

152 689 248 768 Dixit,
264 692 319 756 ‘ab
334 691 418 754 hoste
434 706 553 776 petam3
576 693 672 757 vultus
687 694 809 756 avertite
826 683 947 774 vestros,

150 785 183 850 si
199 788 262 876 quis
277 788 388 852 amicus
403 789 485 852 adest
495 789 513 852 :’
536 804 566 852 et
581 789 727 874 Gorgonis
742 792 848 854 extulit
862 814 922 856 ora.

150 871 393 962 ‘Quare'alium
408 900 459 950 tua
474 909 562 972 quem
576 901 714 972 moveant
729 888 887 965 miracula,'
901 889 975 964 dixit

148 980 331 1048 Thescelus:
356 998 445 1068 utque
460 1007 549 1048 mauu
561 983 694 1068 jaculum
709 983 796 1056 fatale
812 987 932 1068 parabat
1062 990 1125 1054 125

149 1077 280 1157 Mittere,
296 1081 325 1142 in
341 1081 398 1144 hoc
412 1081 495 1147 haesit
509 1081 626 1162 signum
641 1081 678 1143 de
694 1103 839 1148 marmore
856 1097 950 1164 gestu.
1044 1163 1047 1168 y

148 1175 306 1240 Proximus
321 1177 390 1243 huic
406 1179 532 1262 Ampyx
547 1178 636 1243 animi
651 1179 819 1266 plenissima
833 1182 931 1262 magni

147 1273 274 1338 Pectora
289 1275 430 1359 Lyncidae
446 1276 542 1358 gladio
557 1276 631 1359 petit
640 1298 648 1356 ς
671 1277 759 1360 inque
774 1278 905 1360 petendo

147 1369 282 1434 Dextera
296 1371 422 1454 diriguit,
439 1395 494 1436 uec
509 1373 582 1436 citri
595 1387 685 1450 mota,
700 1395 755 1435 neo
768 1375 852 1452 ultra·

149 1469 190 1532 At
205 1468 319 1547 Nileus,
336 1471 432 1554 quise
448 1472 579 1553 genitum
594 1472 787 1556 septemplice
804 1471 874 1536 Nilo
971 1536 973 1540 ,
1060 1476 1121 1538 130

147 1565 315 1644 Ementitus
330 1582 402 1644 erat,
417 1567 660 1652 clypeoquoque
675 1568 795 1632 flumina
809 1583 925 1653 septem

146 1665 280 1748 Argento
295 1667 411 1749 partim,
427 1669 532 1749 partim
547 1667 701 1730 caelaverat
717 1688 797 1754 auro,

145 1763 319 1846 ‘Adspice,’
335 1766 384 1841 ait,
400 1765 543 1842 ‘Persem
558 1778 662 1828 nostrae
678 1763 834 1849 primordia
848 1765 959 1847 gentis:

145 1851 346 1942 Magrra'seres
361 1861 464 1922 tacitas
479 1861 580 1924 solatia
595 1862 695 1924 mortis
710 1862 746 1924 ad
761 1862 889 1938 umbras,

144 1957 175 2018 A
189 1969 271 2019 tauto
284 1958 426 2024 cecidisse
444 1957 526 2020 viro!
571 1955 644 2018 Pars
659 1957 761 2041 ultima
776 1958 855 2020 vocis
1059 1960 1119 2022 135

145 2053 292 2120 inmedio
306 2076 465 2138 suppressa
479 2075 552 2119 sono
567 2067 627 2118 est:
650 2054 847 2138 adapertaque
864 2055 940 2120 velle

143 2149 206 2214 Ora
220 2152 301 2236 loqui
315 2153 417 2231 credas
427 2174 436 2229 ;
448 2155 513 2214 'nec
528 2165 595 2216 sunt
610 2173 653 2217 ea
661 2153 762 2236 pervia
777 2152 883 2216 verbis.

139 2247 279 2334 ,Increpat
296 2251 359 2327 hos,
376 2249 536 2334 ‘Vitioque
553 2249 652 2326 animi,
667 2271 727 2312 non
741 2250 889 2326 crinibus,’
905 2250 1019 2334 inquit,
1078 2257 1081 2262 '

67 2409 82 2437 ·.
144 2344 326 2430 ‘Gorgoneis
342 2344 483 2430 torpetis,’
501 2347 604 2430 Eryx:
628 2347 782 2410 ‘incurrite
797 2369 934 2424 mecum;
985 2335 988 2342 ’

93 2447 95 2458 ’
144 2443 185 2506 Et
200 2446 372 2528 prosternite
389 2446 470 2513 hurni
481 2444 640 2528 juvenem,
649 2444 763 2525 magica
778 2456 857 2507 arma
871 2446 1061 2510 moventem?

144 2539 313 2618 Ipcursurus
328 2555 407 2616 erat;
431 2541 523 2602 tenuit
539 2542 661 2623 vestigia
675 2541 777 2604 tellus:
1042 2555 1043 2558 ’
1056 2548 1111 2610 141

145 2637 344 2721 immotusque
359 2637 445 2714 silex,
461 2651 630 2722 armataque
644 2638 751 2701 mansit
767 2635 872 2722 imago.

142 2735 183 2800 Hi
199 2751 297 2798 tamen
314 2757 353 2798 ex
368 2735 473 2798 merito
488 2757 607 2818 poenam
623 2723 756 2814 subiere;
778 2737 830 2799 sed
846 2759 921 2800 uuus

141 2832 231 2895 Miles
246 2847 308 2894 erat
324 2819 506 2916 Persei-pro
518 2855 577 2917 quo
592 2833 662 2898 dum
676 2849 798 2918 pugnat,
815 2835 980 2914 Aconteus

140 2929 282 3013 Gorgone
297 2931 460 3015 conspecti
473 2953 546 2994 saxo
561 2932 710 2994 concrevit
724 2933 837 2996 oborto.
1054 2935 1114 3000 145
1154 2990 1158 3002 .

140 3025 247 3104 Quem¹
260 3042 337 3090 ratus
352 3030 501 3112 Astyages
517 3030 677 3092 etiamnum
692 3030 802 3106 vivere,
818 3032 906 3114 longo

141 3123 223 3200 Ense
238 3124 322 3188 serit:
344 3127 440 3188 sonuit
454 3128 696 3194 tinnitibusensis
711 3128 814 3190 acutis·
832 3121 833 3126 ¹
907 3172 912 3182 ·
927 3116 929 3123 '

144 3221 225 3284 Dum
239 3236 337 3306 stupet
354 3223 513 3306 Astyages,
528 3239 660 3286 naturam
675 3225 763 3286 traxit
778 3213 921 3286 eandem:

141 3317 369 3404 Marmoreoque
384 3321 596 3384 manet'vultus
611 3322 739 3387 mirantis
755 3323 784 3384 in
799 3344 859 3386 ore.

141 3416 271 3481 Nomina
285 3419 373 3500 longa
386 3439 469 3502 mora
482 3431 527 3479 est
540 3417 639 3481 medii
653 3418 691 3482 de
706 3419 793 3502 plebe
810 3419 936 3482 virorum
1052 3421 1113 3484 150

141 3513 262 3579 Dicere.
307 3515 361 3578 Bis
375 3530 494 3578 centum
510 3516 657 3580 restabant
670 3537 793 3600 corpora
807 3539 929 3601 pugnae:
