2608 4218
484 629 487 640 '
595 626 808 704 FAsT1.1

586 849 776 868 1-—--—r·

209 957 212 966 “
299 1003 385 1070 nus.
401 1001 458 1066 nr.
477 1007 505 1066 r.
533 1000 627 1092 vrrs.
643 999 685 1065 11.
701 1003 775 1064 sss.
812 995 1063 1062 nmrveos.
1105 1057 1107 1060 ,

501 1169 652 1211 ROMULUS
674 1165 717 1210 ET
739 1167 858 1209 REMUS·

196 1295 356 1372 Bennios,
369 1293 510 1378 depositis
523 1294 632 1377 clypeo
646 1291 796 1376 paulisper
809 1305 849 1387 fi„
859 1290 956 1368 hasti,

237 1392 330 1469 Mars,
345 1391 436 1468 adesq
455 1403 486 1452 et
500 1389 604 1453 nitidas
618 1386 732 1452 casside
746 1389 828 1451 solve
844 1408 956 1451 comas.

195 1489 264 1573 lpse
279 1489 362 1552 vides
377 1487 510 1550 manibus
524 1481 625 1571 peragi
640 1485 701 1548 sera
715 1486 793 1548 bella
807 1484 963 1556 Minerva,

239 1569 322 1648 Num
335 1583 433 1646 minsis
446 1583 579 1665 ingenuis
594 1583 707 1661 artibus
716 1583 766 1646 illa
781 1584 887 1644 vacat?
1019 1585 1023 1594 “

196 1680 326 1744 Palladis
341 1679 483 1764 exemplo
496 1679 639 1762 ponende
654 1693 788 1762 ternpore
802 1698 887 1740 sume
1150 1681 1172 1740 ⁶

240 1777 381 1861 Cuspidis
389 1800 399 1866 ς
422 1775 554 1840 invenies
568 1789 600 1838 et
615 1775 694 1860 quod
708 1776 826 1840 inermis
841 1795 921 1858 agas.

193 1873 277 1938 Turn
292 1895 411 1958 quoque
426 1869 544 1936 inermis
559 1893 632 1950 eras,
647 1874 716 1936 curn
730 1887 761 1936 te
776 1871 916 1935 Romana
929 1871 1066 1936 sacerdos

238 1970 339 2056 Cepit,
354 1984 387 2032 ut
401 1970 470 2033 huic
485 1967 560 2034 Urbi
576 1965 688 2032 semina
703 1969 791 2052 digna
804 1970 900 2032 dares.

174 2077 175 2084 ’
197 2066 250 2130 llis
265 2067 394 2130 Vestalis
409 2066 497 2153 (quid
511 2067 590 2130 enim
606 2080 686 2128 vetat
700 2066 769 2129 inde
784 2065 935 2151 moverii)

236 2164 330 2226 Sacra
344 2164 489 2226 lavaturas
503 2163 591 2226 mane
606 2163 726 2245 petebat
742 2183 843 2246 aquus.
1134 2165 1173 2225 lu

148 2277 153 2285 ·
197 2259 332 2323 Ventum
348 2273 411 2322 erat
425 2259 463 2322 ad
477 2259 559 2322 molli
574 2259 721 2346 declivem
735 2259 850 2320 tramite
865 2259 977 2342 ripam:

240 2354 365 2420 Ponitur
379 2376 397 2417 e
411 2354 528 2418 summit
541 2355 636 2418 fictilis
651 2376 725 2417 urna
736 2354 836 2417 sorni.

164 2449 167 2456 ’
197 2453 291 2516 Fessa
305 2453 413 2516 resedit
428 2452 528 2529 humi3
551 2466 715 2538 ventusque
729 2452 845 2535 accepit
859 2465 963 2535 aperto

239 2550 386 2629 Peetore3
408 2551 537 2614 turbatas
551 2550 735 2634 restituitque
750 2569 861 2612 comas.

197 2647 281 2712 Dum
295 2649 389 2726 sedet,
404 2647 547 2710 umbrosae
562 2647 678 2725 salices,
693 2647 887 2733 volucresque
900 2667 1016 2711 canore
1135 2647 1173 2708 15

238 2745 391 2808 Fecerunt
406 2767 534 2822 somnos,
549 2758 579 2806 et
594 2745 662 2807 leve
676 2765 915 2828 murmuraque.

197 2841 315 2908 Blanda
330 2842 413 2925 quies
428 2841 511 2902 victis
527 2839 625 2903 furtim
640 2839 770 2924 subrepit
784 2842 895 2917 ocellis,

242 2935 284 3002 Et
298 2938 376 3000 cadit
391 2959 409 2999 n
423 2950 523 3002 mento
537 2935 676 3018 languida
690 2934 767 2998 sacta
780 2925 895 2998 inanus.

198 3033 354 3117 Languida
367 3031 525 3122 consurgit,
541 3053 597 3096 nec
611 3033 666 3096 scit
680 3032 733 3095 cur
747 3033 885 3116 languida
898 3049 1013 3116 surgat:

242 3132 283 3195 Et
298 3131 412 3215 peragit
427 3129 501 3192 tales
516 3130 618 3193 arbore
633 3130 703 3194 nixa
718 3153 821 3194 sonos:
1131 3134 1174 3196 20

197 3229 300 3294 ‘Utile
314 3229 352 3292 sit
367 3227 565 3312 faustumque,
581 3250 694 3312 precor,
711 3229 788 3313 quod
803 3229 930 3311 imagine
944 3229 1040 3294 somni

242 3326 397 3390 Vidimus:
420 3343 457 3388 an
472 3346 576 3388 somno
588 3325 694 3389 clarius
709 3326 780 3388 illud
795 3327 879 3389 erat?

199 3424 318 3508 Ignibus
332 3423 429 3486 Iliacis
444 3423 580 3486 aderam:
603 3425 673 3485 edm
687 3423 769 3508 lapsa
782 3424 895 3508 capillis

242 3519 362 3583 Decidit
377 3534 445 3584 ants
460 3541 556 3586 sacros
571 3520 658 3582 lanea
672 3520 744 3582 vitta
759 3519 851 3584 socos.

200 3615 275 3682 lude
290 3615 354 3680 due
370 3616 478 3702 pariter
493 3616 571 3704 (visu
587 3615 734 3702 mirabile)
752 3618 857 3700 palme
