2608 4218
583 433 690 484 LIBER
706 433 780 484 XIII.

198 565 346 648 Prodere:
369 599 400 647 et
415 581 520 648 edidici
536 584 605 668 quid
620 585 732 667 perfida
743 583 836 668 Troja
850 573 975 668 pararet.
992 650 994 654 f

197 681 306 746 Omnia
320 682 495 764 cognoram:
518 703 585 758 nec,
601 681 680 767 quod
694 681 870 763 specularer,
883 680 1047 746 habebam:
1109 761 1112 764 Ι

188 778 239 843 'Et
254 779 312 856 iam
328 779 481 864 praemissi
496 791 628 862 poteram
642 799 711 840 cum
725 778 812 840 laude
827 780 944 842 reverti.

198 875 290 940 Haud
302 889 457 938 contentus
472 876 519 952 eit,
534 876 606 959 petii
621 876 746 938 tentoria
761 874 869 953 Rhesi,
1127 955 1129 960 Ι

197 971 292 1058 Inque
306 974 366 1035 suis
380 974 477 1056 ipsum
491 973 592 1034 castris
606 972 788 1056 comitesque
804 973 926 1056 peremi.
1106 975 1170 1048 250

93 1090 100 1102 ·
198 1072 299 1156 Atque
314 1071 355 1133 ita
368 1071 487 1155 captivo
504 1071 595 1132 victor
611 1070 743 1154 votisque
758 1071 878 1154 potitus,

198 1167 348 1250 Ingredior
360 1189 446 1230 curru
458 1168 542 1230 laetos
557 1167 690 1230 imitante
705 1167 868 1250 triumphos
879 1190 888 1244 3

198 1263 294 1348 Cujus
308 1285 400 1348 equos
414 1266 541 1348 pretium
557 1286 611 1347 pro
625 1275 712 1326 nocte
728 1278 902 1348 poposcerat
917 1265 1019 1328 hostis.

198 1361 292 1423 Arma
305 1376 411 1442 negate
425 1363 496 1424 mihi
508 1383 516 1423 τ
539 1359 682 1444 fueritque
696 1360 850 1442 benIgnior
864 1361 956 1445 Ajax.

156 1489 173 1534 χ
242 1457 325 1532 Quid
340 1459 427 1542 Lycii
442 1458 566 1521 reseram
581 1458 758 1541 Sarpedonis
774 1457 890 1540 agmina
904 1458 980 1520 ferro
1109 1461 1171 1522 255

199 1553 363 1618 Devastata
374 1558 465 1618 meo?
487 1553 568 1618 Cu'm
584 1555 676 1617 multo
692 1549 831 1636 sanguine
847 1553 907 1619 fudi
1029 1543 1031 1548 ’

199 1651 362 1728 Coeranon,
377 1651 572 1735 Hippasiden,
587 1666 617 1712 et
632 1652 838 1734 Alastoraque,
854 1649 1100 1734 Chromiumque,

200 1747 453 1832 Alcandrumque,
468 1747 660 1830 HaIIumque,
675 1747 901 1832 Noemonaque,
916 1743 1129 1832 Prytaninque,

200 1845 363 1930 Exitioque
378 1846 445 1908 dedi
460 1867 531 1908 cum
546 1843 792 1910 Chersidamante
806 1843 945 1920 Thoona,

200 1941 242 2008 Et
257 1943 429 2026 Charopen,
444 1942 567 2026 satisque
582 1943 742 2005 immitibus
757 1941 915 2005 Ennomon
931 1956 1049 2006 actum:
1109 1943 1173 2028 260

201 2029 322 2125 Quique
337 2041 431 2102 mirrhe
447 2041 580 2103 celebres
593 2041 693 2102 nostri
707 2039 761 2102 sub
777 2041 924 2102 rnoenibus
938 2040 1017 2102 urbis
1060 2101 1061 2104 ,
1092 2053 1093 2058 ’
1196 2121 1198 2126 ,

201 2137 390 2202 Procubuere
405 2159 504 2200 manu.
549 2137 624 2202 Sunt
639 2138 754 2200 etmihi
770 2127 1008 2214 vulnerarium,

201 2228 270 2318 lpso
285 2235 408 2317 pulchra
420 2236 504 2296 loco:
528 2255 584 2296 nec
600 2233 680 2296 vanis
693 2235 805 2298 credite
822 2235 937 2296 verbis:

201 2331 388 2420 Aspiciteen
402 2331 424 2393 !'
450 2330 638 2416 (vestemque
653 2345 741 2393 manu
757 2330 883 2416 diducit)
900 2345 946 2408 et,
957 2338 965 2368 ‘
975 2329 1050 2442 Ην
1065 2344 1133 2393 sunt

202 2428 328 2492 Pectora
343 2427 480 2512 semper,’
497 2427 547 2504 ait,
559 2435 568 2466 ‘
581 2427 683 2492 ¹vestris
697 2429 827 2492 exercita
841 2429 939 2491 rebus,
1111 2428 1174 2492 265

203 2526 244 2588 At
260 2526 329 2588 nihil
345 2525 488 2608 impendit
503 2546 557 2608 per
571 2539 614 2588 tot
628 2525 820 2588 Telamonius
828 2532 927 2588 'annos
1109 2523 1110 2526 ’

203 2622 357 2704 Sanguinis
373 2619 401 2685 in
416 2622 530 2686 socios:
554 2637 584 2684 et
600 2623 688 2686 habet
701 2623 764 2685 sine
780 2624 900 2686 vulnere
915 2644 1032 2706 corpus.
1071 2616 1075 2629 '

81 2779 85 2787 .
105 2803 109 2810 ⁶
246 2718 329 2791 Quid
345 2732 444 2782 tamen
458 2720 515 2782 hoc
531 2718 629 2795 refert,
643 2719 668 2781 si
682 2739 714 2780 se
730 2741 783 2802 pro
797 2721 890 2783 classe
907 2719 1036 2802 Pelasgi

203 2817 296 2878 Arma
310 2814 409 2877 tulisse
424 2815 511 2877 resen
524 2829 626 2879 contra
640 2815 794 2898 Troasque
809 2781 1008 2974 toves*
1074 2837 1078 2846 ’

203 2913 425 2994 Confiteorque,
440 2912 524 2973 tulit:
547 2912 738 2994 nequeenim
754 2913 830 2973 bene
846 2911 966 2974 saetam
996 2911 1063 2996 igne
1114 2917 1177 2978 270

203 3005 380 3072 Detrectare
398 3027 497 3070 meum
513 3020 574 3068 est:
598 3007 650 3069 sed
666 3029 721 3070 nec
736 3008 904 3070 communia
918 3009 997 3070 solus

203 3105 354 3188 Occupet,
369 3118 456 3187 atque
469 3097 599 3187 'aliquem
616 3103 696 3166 vobis
711 3126 829 3187 quoque
844 3103 947 3168 reddat
961 3106 1113 3171 honorem.

204 3201 329 3285 Repulit
345 3201 510 3278 Actorides,
525 3201 579 3264 sub
595 3201 721 3282 imagine
736 3215 814 3264 tutus
831 3202 968 3280 Achillis,

204 3300 257 3363 Tr
270 3321 301 3362 as
316 3300 353 3362 ab
366 3300 472 3382 arsuris
486 3321 555 3361 oum
571 3297 724 3360 defensore
739 3299 854 3362 carinis.

207 3398 324 3460 Ausum
338 3398 426 3459 etiam
442 3395 593 3459 Hectoreo
608 3396 702 3458 solum
717 3418 890 3460 concurrere
906 3396 996 3461 Marti
1116 3400 1178 3462 275

206 3493 247 3554 Se
262 3493 354 3576 pu'tat,
369 3495 475 3557 oblitus
491 3495 635 3578 regisque,
651 3493 829 3578 ducumque,
844 3495 981 3578 meique;

207 3587 310 3653 Nonus
325 3590 352 3652 in
374 3591 481 3668 officio,
496 3605 526 3653 et
542 3592 676 3674 prelatus
690 3603 812 3652 munere
827 3590 921 3652 sortis.
1019 3589 1021 3594 ’
