<?xml version="1.0" encoding="UTF-8"?>
<!DOCTYPE html PUBLIC "-//W3C//DTD XHTML 1.0 Transitional//EN"
    "http://www.w3.org/TR/xhtml1/DTD/xhtml1-transitional.dtd">
<html xmlns="http://www.w3.org/1999/xhtml" xml:lang="en" lang="en">
 <head>
  <title>
</title>
<meta http-equiv="Content-Type" content="text/html;charset=utf-8" />
  <meta name='ocr-system' content='tesseract 3.04.00' />
  <meta name='ocr-capabilities' content='ocr_page ocr_carea ocr_par ocr_line ocrx_word'/>
</head>
<body>
  <div class='ocr_page' id='page_1' title='image "./excerptaexscrip04ovidgoog_0177.png"; bbox 0 0 2608 4218; ppageno 0'>
   <div class='ocr_carea' id='block_1_1' title="bbox 563 364 754 436">
    <p class='ocr_par' dir='ltr' id='par_1_1' title="bbox 563 364 754 436">
     <span class='ocr_line' id='line_1_1' title="bbox 563 364 754 436; baseline -0.021 -18"><span class='ocrx_word' id='word_1_1' title='bbox 563 364 754 436; x_wconf 82' lang='lat' dir='ltr'>uuuornue.</span> 
     </span>
    </p>
   </div>
   <div class='ocr_carea' id='block_1_2' title="bbox 509 607 798 686">
    <p class='ocr_par' dir='ltr' id='par_1_2' title="bbox 509 607 798 686">
     <span class='ocr_line' id='line_1_2' title="bbox 509 607 798 686; baseline -0.01 -9"><span class='ocrx_word' id='word_1_2' title='bbox 509 607 727 686; x_wconf 84' lang='lat' dir='ltr'><strong>EPISTOLA</strong></span> <span class='ocrx_word' id='word_1_3' title='bbox 755 609 798 678; x_wconf 89' lang='lat' dir='ltr'>X.</span> 
     </span>
    </p>
   </div>
   <div class='ocr_carea' id='block_1_3' title="bbox 501 767 804 824">
    <p class='ocr_par' dir='ltr' id='par_1_3' title="bbox 501 767 804 824">
     <span class='ocr_line' id='line_1_3' title="bbox 501 767 804 824; baseline 0 -2"><span class='ocrx_word' id='word_1_4' title='bbox 501 767 643 823; x_wconf 70' lang='lat' dir='ltr'>eminuit</span> <span class='ocrx_word' id='word_1_5' title='bbox 666 780 804 824; x_wconf 77' lang='lat' dir='ltr'>unusne.</span> 
     </span>
    </p>
   </div>
   <div class='ocr_carea' id='block_1_4' title="bbox 157 902 1139 3602">
    <p class='ocr_par' dir='ltr' id='par_1_4' title="bbox 157 902 1139 3602">
     <span class='ocr_line' id='line_1_4' title="bbox 166 902 939 996; baseline 0.004 -28"><span class='ocrx_word' id='word_1_6' title='bbox 166 902 289 968; x_wconf 82' lang='lat' dir='ltr'>Mmrus</span> <span class='ocrx_word' id='word_1_7' title='bbox 305 905 414 984; x_wconf 85' lang='lat' dir='ltr'>inveni,</span> <span class='ocrx_word' id='word_1_8' title='bbox 430 906 573 996; x_wconf 55' lang='lat' dir='ltr'>quimte,</span> <span class='ocrx_word' id='word_1_9' title='bbox 589 927 782 988; x_wconf 80' lang='lat' dir='ltr'>genusomne</span> <span class='ocrx_word' id='word_1_10' title='bbox 797 907 939 990; x_wconf 70' lang='lat' dir='ltr'>seranmr:</span> 
     </span>
     <span class='ocr_line' id='line_1_5' title="bbox 208 1001 867 1096; baseline 0.003 -30"><span class='ocrx_word' id='word_1_11' title='bbox 208 1001 330 1066; x_wconf 79' lang='lat' dir='ltr'>Credita</span> <span class='ocrx_word' id='word_1_12' title='bbox 344 1025 403 1066; x_wconf 92' lang='lat' dir='ltr'>non</span> <span class='ocrx_word' id='word_1_13' title='bbox 418 1003 480 1079; x_wconf 90' lang='lat' dir='ltr'>ulli,</span> <span class='ocrx_word' id='word_1_14' title='bbox 495 1004 582 1086; x_wconf 77' lang='lat' dir='ltr'>quam</span> <span class='ocrx_word' id='word_1_15' title='bbox 598 1005 660 1082; x_wconf 92' lang='lat' dir='ltr'>tibi,</span> <span class='ocrx_word' id='word_1_16' title='bbox 676 1003 761 1090; x_wconf 78' lang='lat' dir='ltr'>pejus</span> <span class='ocrx_word' id='word_1_17' title='bbox 775 1026 867 1096; x_wconf 69' lang='lat' dir='ltr'>epam.</span> 
     </span>
     <span class='ocr_line' id='line_1_6' title="bbox 165 1097 912 1191; baseline 0.004 -29"><span class='ocrx_word' id='word_1_18' title='bbox 165 1097 243 1173; x_wconf 75' lang='lat' dir='ltr'>Qua</span> <span class='ocrx_word' id='word_1_19' title='bbox 257 1100 341 1182; x_wconf 59' lang='lat' dir='ltr'>legis)</span> <span class='ocrx_word' id='word_1_20' title='bbox 356 1121 396 1162; x_wconf 83' lang='lat' dir='ltr'>ex</span> <span class='ocrx_word' id='word_1_21' title='bbox 410 1099 470 1176; x_wconf 92' lang='lat' dir='ltr'>illo,</span> <span class='ocrx_word' id='word_1_22' title='bbox 485 1099 620 1176; x_wconf 87' lang='lat' dir='ltr'>Theseu,</span> <span class='ocrx_word' id='word_1_23' title='bbox 636 1099 686 1163; x_wconf 92' lang='lat' dir='ltr'>tibi</span> <span class='ocrx_word' id='word_1_24' title='bbox 700 1101 912 1191; x_wconf 33' lang='lat' dir='ltr'>littoreprnitto,¹</span> 
     </span>
     <span class='ocr_line' id='line_1_7' title="bbox 207 1194 843 1283; baseline 0.003 -26"><span class='ocrx_word' id='word_1_25' title='bbox 207 1194 297 1258; x_wconf 85' lang='lat' dir='ltr'>Unde</span> <span class='ocrx_word' id='word_1_26' title='bbox 313 1210 393 1258; x_wconf 88' lang='lat' dir='ltr'>tuam</span> <span class='ocrx_word' id='word_1_27' title='bbox 408 1196 470 1258; x_wconf 89' lang='lat' dir='ltr'>sine</span> <span class='ocrx_word' id='word_1_28' title='bbox 485 1217 534 1258; x_wconf 90' lang='lat' dir='ltr'>me</span> <span class='ocrx_word' id='word_1_29' title='bbox 549 1197 616 1259; x_wconf 89' lang='lat' dir='ltr'>vela</span> <span class='ocrx_word' id='word_1_30' title='bbox 630 1197 723 1283; x_wconf 70' lang='lat' dir='ltr'>tulere</span> <span class='ocrx_word' id='word_1_31' title='bbox 738 1212 843 1261; x_wconf 89' lang='lat' dir='ltr'>ratem.</span> 
     </span>
     <span class='ocr_line' id='line_1_8' title="bbox 164 1289 1139 1381; baseline 0.011 -28"><span class='ocrx_word' id='word_1_32' title='bbox 164 1289 199 1354; x_wconf 88' lang='lat' dir='ltr'>ln</span> <span class='ocrx_word' id='word_1_33' title='bbox 215 1313 275 1376; x_wconf 91' lang='lat' dir='ltr'>quo</span> <span class='ocrx_word' id='word_1_34' title='bbox 289 1313 338 1354; x_wconf 91' lang='lat' dir='ltr'>me</span> <span class='ocrx_word' id='word_1_35' title='bbox 353 1313 531 1377; x_wconf 86' lang='lat' dir='ltr'><strong>somnusque</strong></span> <span class='ocrx_word' id='word_1_36' title='bbox 546 1313 630 1356; x_wconf 88' lang='lat' dir='ltr'>meus</span> <span class='ocrx_word' id='word_1_37' title='bbox 644 1295 722 1356; x_wconf 77' lang='lat' dir='ltr'>male</span> <span class='ocrx_word' id='word_1_38' title='bbox 737 1295 875 1378; x_wconf 79' lang='lat' dir='ltr'>prodidit,</span> <span class='ocrx_word' id='word_1_39' title='bbox 889 1310 920 1381; x_wconf 74' lang='lat' dir='ltr'>et</span> <span class='ocrx_word' id='word_1_40' title='bbox 933 1309 977 1374; x_wconf 87' lang='lat' dir='ltr'>tu,</span> <span class='ocrx_word' id='word_1_41' title='bbox 1115 1301 1139 1364; x_wconf 76' lang='grc' dir='ltr'><strong>ὅ</strong></span> 
     </span>
     <span class='ocr_line' id='line_1_9' title="bbox 206 1388 760 1456; baseline 0.011 -6"><span class='ocrx_word' id='word_1_42' title='bbox 206 1388 267 1450; x_wconf 88' lang='lat' dir='ltr'>Per</span> <span class='ocrx_word' id='word_1_43' title='bbox 281 1388 391 1452; x_wconf 85' lang='lat' dir='ltr'>lacinus</span> <span class='ocrx_word' id='word_1_44' title='bbox 405 1389 514 1452; x_wconf 89' lang='lat' dir='ltr'>somnis</span> <span class='ocrx_word' id='word_1_45' title='bbox 528 1390 662 1454; x_wconf 87' lang='lat' dir='ltr'>insidiate</span> <span class='ocrx_word' id='word_1_46' title='bbox 676 1392 760 1456; x_wconf 88' lang='lat' dir='ltr'>meis.</span> 
     </span>
     <span class='ocr_line' id='line_1_10' title="bbox 163 1483 925 1573; baseline 0.005 -25"><span class='ocrx_word' id='word_1_47' title='bbox 163 1483 299 1570; x_wconf 84' lang='lat' dir='ltr'>Tempus</span> <span class='ocrx_word' id='word_1_48' title='bbox 314 1501 389 1563; x_wconf 85' lang='lat' dir='ltr'>erat,</span> <span class='ocrx_word' id='word_1_49' title='bbox 403 1486 497 1550; x_wconf 72' lang='lat' dir='ltr'>vitrei</span> <span class='ocrx_word' id='word_1_50' title='bbox 512 1508 571 1571; x_wconf 93' lang='lat' dir='ltr'>quo</span> <span class='ocrx_word' id='word_1_51' title='bbox 586 1487 714 1570; x_wconf 83' lang='lat' dir='ltr'>primiun</span> <span class='ocrx_word' id='word_1_52' title='bbox 728 1502 805 1551; x_wconf 81' lang='lat' dir='ltr'>term</span> <span class='ocrx_word' id='word_1_53' title='bbox 818 1490 925 1573; x_wconf 72' lang='lat' dir='ltr'>pruina</span> 
     </span>
     <span class='ocr_line' id='line_1_11' title="bbox 205 1582 901 1677; baseline 0.003 -31"><span class='ocrx_word' id='word_1_54' title='bbox 205 1582 368 1667; x_wconf 70' lang='lat' dir='ltr'>Spargitur,</span> <span class='ocrx_word' id='word_1_55' title='bbox 383 1596 413 1645; x_wconf 88' lang='lat' dir='ltr'>et</span> <span class='ocrx_word' id='word_1_56' title='bbox 427 1595 513 1646; x_wconf 83' lang='lat' dir='ltr'>tecte</span> <span class='ocrx_word' id='word_1_57' title='bbox 528 1582 630 1677; x_wconf 80' lang='lat' dir='ltr'>lropde</span> <span class='ocrx_word' id='word_1_58' title='bbox 641 1599 807 1677; x_wconf 70' lang='lat' dir='ltr'>‚quepuntur</span> <span class='ocrx_word' id='word_1_59' title='bbox 820 1607 901 1652; x_wconf 86' lang='lat' dir='ltr'>aves.</span> 
     </span>
     <span class='ocr_line' id='line_1_12' title="bbox 161 1671 862 1764; baseline 0.007 -23"><span class='ocrx_word' id='word_1_60' title='bbox 161 1671 311 1742; x_wconf 72' lang='lat' dir='ltr'>incertum</span> <span class='ocrx_word' id='word_1_61' title='bbox 326 1679 458 1762; x_wconf 81' lang='lat' dir='ltr'>vigilans,</span> <span class='ocrx_word' id='word_1_62' title='bbox 473 1701 491 1742; x_wconf 88' lang='lat' dir='ltr'>a</span> <span class='ocrx_word' id='word_1_63' title='bbox 504 1702 608 1744; x_wconf 89' lang='lat' dir='ltr'>somno</span> <span class='ocrx_word' id='word_1_64' title='bbox 621 1681 769 1764; x_wconf 86' lang='lat' dir='ltr'>languida,</span> <span class='ocrx_word' id='word_1_65' title='bbox 784 1682 862 1746; x_wconf 88' lang='lat' dir='ltr'>movi</span> 
     </span>
     <span class='ocr_line' id='line_1_13' title="bbox 203 1775 1136 1862; baseline 0.008 -25"><span class='ocrx_word' id='word_1_66' title='bbox 203 1775 326 1839; x_wconf 87' lang='lat' dir='ltr'>Thesea</span> <span class='ocrx_word' id='word_1_67' title='bbox 340 1797 491 1860; x_wconf 84' lang='lat' dir='ltr'><strong>pressuras</strong></span> <span class='ocrx_word' id='word_1_68' title='bbox 506 1778 685 1862; x_wconf 88' lang='lat' dir='ltr'>semisupina</span> <span class='ocrx_word' id='word_1_69' title='bbox 699 1801 814 1842; x_wconf 88' lang='lat' dir='ltr'>manus.</span> <span class='ocrx_word' id='word_1_70' title='bbox 1096 1784 1136 1844; x_wconf 90' lang='lat'>10</span> 
     </span>
     <span class='ocr_line' id='line_1_14' title="bbox 161 1867 990 1960; baseline 0.011 -27"><span class='ocrx_word' id='word_1_71' title='bbox 161 1867 269 1934; x_wconf 88' lang='lat' dir='ltr'>Nullus</span> <span class='ocrx_word' id='word_1_72' title='bbox 284 1886 361 1935; x_wconf 88' lang='lat' dir='ltr'>erat:</span> <span class='ocrx_word' id='word_1_73' title='bbox 385 1873 539 1956; x_wconf 84' lang='lat' dir='ltr'>referoque</span> <span class='ocrx_word' id='word_1_74' title='bbox 555 1896 669 1951; x_wconf 78' lang='lat' dir='ltr'>mantra,</span> <span class='ocrx_word' id='word_1_75' title='bbox 684 1875 849 1960; x_wconf 79' lang='lat' dir='ltr'>iterumque</span> <span class='ocrx_word' id='word_1_76' title='bbox 864 1889 990 1954; x_wconf 86' lang='lat' dir='ltr'>retento,</span> 
     </span>
     <span class='ocr_line' id='line_1_15' title="bbox 203 1967 911 2052; baseline 0.004 -22"><span class='ocrx_word' id='word_1_77' title='bbox 203 1967 320 2052; x_wconf 86' lang='lat' dir='ltr'>Perque</span> <span class='ocrx_word' id='word_1_78' title='bbox 335 1983 553 2033; x_wconf 85' lang='lat' dir='ltr'>torummoveo</span> <span class='ocrx_word' id='word_1_79' title='bbox 567 1971 705 2032; x_wconf 85' lang='lat' dir='ltr'>brachia:</span> <span class='ocrx_word' id='word_1_80' title='bbox 728 1971 825 2035; x_wconf 89' lang='lat' dir='ltr'>nullus</span> <span class='ocrx_word' id='word_1_81' title='bbox 839 1983 911 2036; x_wconf 86' lang='lat' dir='ltr'>erat.</span> 
     </span>
     <span class='ocr_line' id='line_1_16' title="bbox 161 2061 933 2152; baseline 0.005 -24"><span class='ocrx_word' id='word_1_82' title='bbox 161 2061 329 2128; x_wconf 68' lang='lat' dir='ltr'>Excussere</span> <span class='ocrx_word' id='word_1_83' title='bbox 343 2079 439 2128; x_wconf 89' lang='lat' dir='ltr'>metus</span> <span class='ocrx_word' id='word_1_84' title='bbox 454 2085 601 2128; x_wconf 86' lang='lat' dir='ltr'>somnum.</span> <span class='ocrx_word' id='word_1_85' title='bbox 646 2064 814 2132; x_wconf 75' lang='lat' dir='ltr'>conterrita</span> <span class='ocrx_word' id='word_1_86' title='bbox 828 2089 933 2152; x_wconf 85' lang='lat' dir='ltr'>surgo:</span> 
     </span>
     <span class='ocr_line' id='line_1_17' title="bbox 202 2157 868 2248; baseline 0.006 -26"><span class='ocrx_word' id='word_1_87' title='bbox 202 2157 398 2245; x_wconf 83' lang='lat' dir='ltr'>Membraque</span> <span class='ocrx_word' id='word_1_88' title='bbox 413 2175 480 2225; x_wconf 88' lang='lat' dir='ltr'>sunt</span> <span class='ocrx_word' id='word_1_89' title='bbox 496 2161 585 2226; x_wconf 89' lang='lat' dir='ltr'>viduo</span> <span class='ocrx_word' id='word_1_90' title='bbox 601 2161 868 2248; x_wconf 74' lang='lat' dir='ltr'>praecipitatarum.</span> 
     </span>
     <span class='ocr_line' id='line_1_18' title="bbox 160 2256 891 2346; baseline 0.007 -26"><span class='ocrx_word' id='word_1_91' title='bbox 160 2256 298 2322; x_wconf 83' lang='lat' dir='ltr'>Protinus</span> <span class='ocrx_word' id='word_1_92' title='bbox 314 2257 446 2324; x_wconf 78' lang='lat' dir='ltr'>adductis</span> <span class='ocrx_word' id='word_1_93' title='bbox 460 2274 626 2331; x_wconf 71' lang='lat' dir='ltr'>sonuerunt,</span> <span class='ocrx_word' id='word_1_94' title='bbox 635 2274 756 2344; x_wconf 85' lang='lat' dir='ltr'>pectora</span> <span class='ocrx_word' id='word_1_95' title='bbox 770 2262 891 2346; x_wconf 87' lang='lat' dir='ltr'>palmis:</span> 
     </span>
     <span class='ocr_line' id='line_1_19' title="bbox 202 2347 940 2441; baseline 0.004 -22"><span class='ocrx_word' id='word_1_96' title='bbox 202 2351 305 2438; x_wconf 87' lang='lat' dir='ltr'>thue</span> <span class='ocrx_word' id='word_1_97' title='bbox 320 2370 381 2418; x_wconf 88' lang='lat' dir='ltr'>erat</span> <span class='ocrx_word' id='word_1_98' title='bbox 397 2377 415 2420; x_wconf 89' lang='lat' dir='ltr'>a</span> <span class='ocrx_word' id='word_1_99' title='bbox 429 2378 533 2420; x_wconf 90' lang='lat' dir='ltr'>somno</span> <span class='ocrx_word' id='word_1_100' title='bbox 548 2356 673 2434; x_wconf 89' lang='lat' dir='ltr'>turbida,</span> <span class='ocrx_word' id='word_1_101' title='bbox 687 2371 771 2441; x_wconf 85' lang='lat' dir='ltr'>repta</span> <span class='ocrx_word' id='word_1_102' title='bbox 782 2347 871 2422; x_wconf 84' lang='lat' dir='ltr'>coma</span> <span class='ocrx_word' id='word_1_103' title='bbox 885 2371 940 2422; x_wconf 85' lang='lat' dir='ltr'>est.</span> 
     </span>
     <span class='ocr_line' id='line_1_20' title="bbox 159 2449 936 2536; baseline 0.005 -22"><span class='ocrx_word' id='word_1_104' title='bbox 159 2449 247 2514; x_wconf 89' lang='lat' dir='ltr'>Luna</span> <span class='ocrx_word' id='word_1_105' title='bbox 261 2451 331 2514; x_wconf 77' lang='lat' dir='ltr'>luit:</span> <span class='ocrx_word' id='word_1_106' title='bbox 354 2466 468 2536; x_wconf 86' lang='lat' dir='ltr'>specto,</span> <span class='ocrx_word' id='word_1_107' title='bbox 483 2451 507 2516; x_wconf 90' lang='lat' dir='ltr'>si</span> <span class='ocrx_word' id='word_1_108' title='bbox 523 2453 603 2536; x_wconf 90' lang='lat' dir='ltr'>quid,</span> <span class='ocrx_word' id='word_1_109' title='bbox 615 2454 672 2532; x_wconf 87' lang='lat' dir='ltr'>nisi</span> <span class='ocrx_word' id='word_1_110' title='bbox 687 2455 792 2531; x_wconf 86' lang='lat' dir='ltr'>littora,</span> <span class='ocrx_word' id='word_1_111' title='bbox 806 2475 936 2518; x_wconf 85' lang='lat' dir='ltr'>cernam.</span> 
     </span>
     <span class='ocr_line' id='line_1_21' title="bbox 201 2546 906 2636; baseline 0.009 -26"><span class='ocrx_word' id='word_1_112' title='bbox 201 2546 294 2622; x_wconf 83' lang='lat' dir='ltr'>Quod</span> <span class='ocrx_word' id='word_1_113' title='bbox 311 2548 428 2611; x_wconf 87' lang='lat' dir='ltr'>videant</span> <span class='ocrx_word' id='word_1_114' title='bbox 441 2548 530 2636; x_wconf 75' lang='lat' dir='ltr'>omrli,</span> <span class='ocrx_word' id='word_1_115' title='bbox 546 2548 597 2624; x_wconf 92' lang='lat' dir='ltr'>nil,</span> <span class='ocrx_word' id='word_1_116' title='bbox 611 2549 667 2612; x_wconf 90' lang='lat' dir='ltr'>nisi</span> <span class='ocrx_word' id='word_1_117' title='bbox 680 2550 773 2627; x_wconf 86' lang='lat' dir='ltr'>littus,</span> <span class='ocrx_word' id='word_1_118' title='bbox 786 2551 906 2616; x_wconf 83' lang='lat' dir='ltr'>habent.</span> 
     </span>
     <span class='ocr_line' id='line_1_22' title="bbox 159 2641 1038 2730; baseline 0.008 -25"><span class='ocrx_word' id='word_1_119' title='bbox 159 2641 248 2706; x_wconf 90' lang='lat' dir='ltr'>Nunc</span> <span class='ocrx_word' id='word_1_120' title='bbox 265 2644 333 2720; x_wconf 91' lang='lat' dir='ltr'>huc,</span> <span class='ocrx_word' id='word_1_121' title='bbox 348 2665 426 2706; x_wconf 89' lang='lat' dir='ltr'>nunc</span> <span class='ocrx_word' id='word_1_122' title='bbox 440 2642 520 2721; x_wconf 87' lang='lat' dir='ltr'>illuc,</span> <span class='ocrx_word' id='word_1_123' title='bbox 535 2656 568 2708; x_wconf 88' lang='lat' dir='ltr'>et</span> <span class='ocrx_word' id='word_1_124' title='bbox 581 2658 717 2730; x_wconf 86' lang='lat' dir='ltr'>utroque,</span> <span class='ocrx_word' id='word_1_125' title='bbox 733 2647 796 2710; x_wconf 91' lang='lat' dir='ltr'>sine</span> <span class='ocrx_word' id='word_1_126' title='bbox 810 2647 923 2727; x_wconf 89' lang='lat' dir='ltr'>ordine,</span> <span class='ocrx_word' id='word_1_127' title='bbox 937 2669 1038 2714; x_wconf 81' lang='lat' dir='ltr'>curro:</span> 
     </span>
     <span class='ocr_line' id='line_1_23' title="bbox 199 2739 759 2825; baseline 0.009 -23"><span class='ocrx_word' id='word_1_128' title='bbox 199 2739 273 2804; x_wconf 83' lang='lat' dir='ltr'>Alta</span> <span class='ocrx_word' id='word_1_129' title='bbox 287 2740 431 2824; x_wconf 85' lang='lat' dir='ltr'>puellares</span> <span class='ocrx_word' id='word_1_130' title='bbox 445 2739 540 2806; x_wconf 87' lang='lat' dir='ltr'>tardat</span> <span class='ocrx_word' id='word_1_131' title='bbox 554 2763 643 2805; x_wconf 87' lang='lat' dir='ltr'>arene</span> <span class='ocrx_word' id='word_1_132' title='bbox 656 2743 759 2825; x_wconf 88' lang='lat' dir='ltr'>pedes.</span> 
     </span>
     <span class='ocr_line' id='line_1_24' title="bbox 157 2835 804 2920; baseline 0.005 -19"><span class='ocrx_word' id='word_1_133' title='bbox 157 2835 274 2901; x_wconf 85' lang='lat' dir='ltr'>Interea</span> <span class='ocrx_word' id='word_1_134' title='bbox 290 2851 352 2900; x_wconf 86' lang='lat' dir='ltr'>toto</span> <span class='ocrx_word' id='word_1_135' title='bbox 365 2836 503 2900; x_wconf 87' lang='lat' dir='ltr'>clamanti</span> <span class='ocrx_word' id='word_1_136' title='bbox 517 2838 625 2916; x_wconf 87' lang='lat' dir='ltr'>littore,</span> <span class='ocrx_word' id='word_1_137' title='bbox 640 2838 804 2920; x_wconf 80' lang='lat' dir='ltr'>‘&#39;Ilreseu,&#39;</span> 
     </span>
     <span class='ocr_line' id='line_1_25' title="bbox 201 2933 849 3024; baseline 0.009 -28"><span class='ocrx_word' id='word_1_138' title='bbox 201 2933 379 2997; x_wconf 88' lang='lat' dir='ltr'>Reddebant</span> <span class='ocrx_word' id='word_1_139' title='bbox 394 2956 501 2998; x_wconf 90' lang='lat' dir='ltr'>nomen</span> <span class='ocrx_word' id='word_1_140' title='bbox 516 2957 647 3024; x_wconf 73' lang='lat' dir='ltr'>concava</span> <span class='ocrx_word' id='word_1_141' title='bbox 661 2959 734 3000; x_wconf 84' lang='lat' dir='ltr'>saxa</span> <span class='ocrx_word' id='word_1_142' title='bbox 748 2953 849 3002; x_wconf 88' lang='lat' dir='ltr'>tuum:</span> 
     </span>
     <span class='ocr_line' id='line_1_26' title="bbox 158 3029 872 3127; baseline 0.01 -34"><span class='ocrx_word' id='word_1_143' title='bbox 158 3029 200 3094; x_wconf 87' lang='lat' dir='ltr'>Et</span> <span class='ocrx_word' id='word_1_144' title='bbox 211 3031 324 3116; x_wconf 82' lang='lat' dir='ltr'>quoties</span> <span class='ocrx_word' id='word_1_145' title='bbox 340 3051 399 3114; x_wconf 83' lang='lat' dir='ltr'>ego¹</span> <span class='ocrx_word' id='word_1_146' title='bbox 411 3046 451 3110; x_wconf 89' lang='lat' dir='ltr'>te,</span> <span class='ocrx_word' id='word_1_147' title='bbox 462 3033 549 3113; x_wconf 84' lang='lat' dir='ltr'>toties</span> <span class='ocrx_word' id='word_1_148' title='bbox 564 3034 646 3107; x_wconf 79' lang='lat' dir='ltr'>locus</span> <span class='ocrx_word' id='word_1_149' title='bbox 660 3035 724 3118; x_wconf 89' lang='lat' dir='ltr'>ipse</span> <span class='ocrx_word' id='word_1_150' title='bbox 740 3037 872 3127; x_wconf 72' lang='lat' dir='ltr'>vocabat.</span> 
     </span>
     <span class='ocr_line' id='line_1_27' title="bbox 199 3127 831 3219; baseline 0.014 -31"><span class='ocrx_word' id='word_1_151' title='bbox 199 3127 268 3211; x_wconf 86' lang='lat' dir='ltr'>lpse</span> <span class='ocrx_word' id='word_1_152' title='bbox 283 3129 365 3190; x_wconf 90' lang='lat' dir='ltr'>locus</span> <span class='ocrx_word' id='word_1_153' title='bbox 380 3130 492 3192; x_wconf 84' lang='lat' dir='ltr'>miserae</span> <span class='ocrx_word' id='word_1_154' title='bbox 508 3127 582 3193; x_wconf 89' lang='lat' dir='ltr'>serre</span> <span class='ocrx_word' id='word_1_155' title='bbox 597 3132 715 3203; x_wconf 88' lang='lat' dir='ltr'>volebat</span> <span class='ocrx_word' id='word_1_156' title='bbox 730 3155 831 3219; x_wconf 84' lang='lat' dir='ltr'>opem.</span> 
     </span>
     <span class='ocr_line' id='line_1_28' title="bbox 158 3223 890 3310; baseline 0.01 -23"><span class='ocrx_word' id='word_1_157' title='bbox 158 3223 248 3288; x_wconf 89' lang='lat' dir='ltr'>Mons</span> <span class='ocrx_word' id='word_1_158' title='bbox 263 3223 334 3303; x_wconf 86' lang='lat' dir='ltr'>l&#39;uit;</span> <span class='ocrx_word' id='word_1_159' title='bbox 355 3241 499 3310; x_wconf 86' lang='lat' dir='ltr'>apparent</span> <span class='ocrx_word' id='word_1_160' title='bbox 514 3227 632 3292; x_wconf 83' lang='lat' dir='ltr'>snrtiues</span> <span class='ocrx_word' id='word_1_161' title='bbox 646 3229 675 3292; x_wconf 94' lang='lat' dir='ltr'>in</span> <span class='ocrx_word' id='word_1_162' title='bbox 693 3231 804 3294; x_wconf 89' lang='lat' dir='ltr'>vertice</span> <span class='ocrx_word' id='word_1_163' title='bbox 818 3231 890 3295; x_wconf 88' lang='lat' dir='ltr'>rari:</span> 
     </span>
     <span class='ocr_line' id='line_1_29' title="bbox 200 3317 901 3412; baseline 0.01 -28"><span class='ocrx_word' id='word_1_164' title='bbox 200 3320 280 3384; x_wconf 92' lang='lat' dir='ltr'>Hinc</span> <span class='ocrx_word' id='word_1_165' title='bbox 295 3324 432 3405; x_wconf 88' lang='lat' dir='ltr'>scopulus</span> <span class='ocrx_word' id='word_1_166' title='bbox 446 3327 541 3386; x_wconf 87' lang='lat' dir='ltr'>raucis</span> <span class='ocrx_word' id='word_1_167' title='bbox 555 3325 666 3407; x_wconf 89' lang='lat' dir='ltr'>pendet</span> <span class='ocrx_word' id='word_1_168' title='bbox 681 3327 786 3390; x_wconf 88' lang='lat' dir='ltr'>adesus</span> <span class='ocrx_word' id='word_1_169' title='bbox 800 3317 901 3412; x_wconf 70' lang='lat' dir='ltr'>aquis.¹</span> 
     </span>
     <span class='ocr_line' id='line_1_30' title="bbox 158 3415 915 3507; baseline 0.009 -25"><span class='ocrx_word' id='word_1_170' title='bbox 158 3417 319 3482; x_wconf 85' lang='lat' dir='ltr'>Adscendo</span> <span class='ocrx_word' id='word_1_171' title='bbox 335 3415 426 3504; x_wconf 87' lang='lat' dir='ltr'>(vires</span> <span class='ocrx_word' id='word_1_172' title='bbox 442 3420 554 3484; x_wconf 91' lang='lat' dir='ltr'>animus</span> <span class='ocrx_word' id='word_1_173' title='bbox 569 3421 685 3507; x_wconf 86' lang='lat' dir='ltr'>dabat),</span> <span class='ocrx_word' id='word_1_174' title='bbox 699 3437 788 3507; x_wconf 86' lang='lat' dir='ltr'>atque</span> <span class='ocrx_word' id='word_1_175' title='bbox 802 3424 842 3486; x_wconf 88' lang='lat' dir='ltr'>ita</span> <span class='ocrx_word' id='word_1_176' title='bbox 856 3424 915 3488; x_wconf 74' lang='lat' dir='ltr'>late</span> 
     </span>
     <span class='ocr_line' id='line_1_31' title="bbox 200 3515 790 3602; baseline 0.007 -24"><span class='ocrx_word' id='word_1_177' title='bbox 200 3515 331 3601; x_wconf 72' lang='grc' dir='ltr'>Εῳιση</span> <span class='ocrx_word' id='word_1_178' title='bbox 347 3531 504 3602; x_wconf 85' lang='lat' dir='ltr'>prospectu</span> <span class='ocrx_word' id='word_1_179' title='bbox 519 3517 625 3581; x_wconf 88' lang='lat' dir='ltr'>metior</span> <span class='ocrx_word' id='word_1_180' title='bbox 639 3517 697 3582; x_wconf 87' lang='lat' dir='ltr'>alta</span> <span class='ocrx_word' id='word_1_181' title='bbox 711 3539 790 3582; x_wconf 89' lang='lat' dir='ltr'>meo.</span> 
     </span>
    </p>
   </div>
   <div class='ocr_carea' id='block_1_5' title="bbox 0 0 1308 4218">
    <p class='ocr_par' dir='ltr' id='par_1_5' title="bbox 0 0 1308 4218">
     <span class='ocr_line' id='line_1_32' title="bbox 0 0 1308 4218; baseline 0 4"><span class='ocrx_word' id='word_1_182' title='bbox 0 0 1308 4218; x_wconf 95' lang='lat' dir='ltr'> </span> 
     </span>
    </p>
   </div>
  </div>
 </body>
</html>
