2608 4218
489 415 493 425 ⁴
594 407 698 468 muna
721 379 767 462 ιιι.
881 421 883 426 ⁴
1102 401 1159 460 ιιι

195 561 300 644 Surge,
314 582 387 643 age:
409 559 448 623 da
461 561 623 644 lacrymas;
644 561 835 644 lugubriaque
850 559 955 622 indue:
977 581 1034 624 neo
1048 579 1098 622 me

195 657 416 741 Indeploratum
431 658 507 719 sub
499 658 596 719 inania
609 656 733 718 Tartara
747 657 851 718 mitte'

127 769 130 775 ·
194 753 306 838 Adjicit
320 755 365 816 his
380 775 484 816 vocem
500 745 686 836 Morpheus,
706 761 793 836 quam
808 752 938 837 conjugis
953 751 1002 814 illa

195 848 340 913 Crederet
355 871 421 912 esse
436 851 491 912 sui.
535 849 640 912 Fletus
655 870 772 933 quoque
787 849 907 912 sundere
924 871 1008 912 veros

197 945 286 1008 Visus
301 961 379 1008 erat:
403 960 576 1035 gestumque
590 929 694 1010 luanus
708 945 821 1028 Ceycis
835 947 992 1008 habebant.
1100 947 1164 1010 310

240 1039 384 1126 [Ingemit
395 1041 550 1124 Halcyone
565 1030 739 1124 lacrymans,
754 1055 904 1124 metatque
920 1041 1044 1104 lacertos

195 1137 257 1200 Per
269 1160 421 1200 somnum:
444 1159 608 1230 corpusque
624 1151 728 1223 petens
743 1135 929 1248 amplectitur
942 1157 1043 1200 auras:

196 1217 421 1317 Exclamaltque,
438 1233 559 1296 ‘Mane
605 1232 678 1305 Quo
692 1247 724 1295 te
737 1234 835 1316 rapis?
858 1234 963 1296 ibimus
977 1255 1046 1296 uua.
1049 1227 1077 1315 ⁵]

197 1329 281 1392 Voce
296 1331 357 1410 sui,
365 1331 523 1414 specieque
539 1330 602 1406 vin',
617 1323 730 1392 turbata
744 1351 881 1412 soporem

196 1423 336 1491 Excutit:
360 1440 390 1489 et
404 1426 536 1508 primosi
552 1426 589 1488 sit
602 1425 799 1508 circumspicit
814 1426 883 1502 illio,
1101 1425 1165 1488 315

196 1520 264 1594 Qui
274 1522 362 1582 modb
377 1523 456 1596 visus
470 1536 542 1584 erat.
585 1521 666 1585 Nam
681 1521 753 1584 moti
767 1542 841 1583 voce
856 1521 977 1612 ministri
1003 1563 1006 1570 »

100 1603 112 1678 s
196 1615 357 1700 Intulerant
370 1618 481 1679 lumen.
526 1617 687 1701 Postquam
702 1639 760 1682 non
777 1617 887 1678 invenit
901 1637 1044 1702 usquam3

195 1693 329 1775 Percutit
343 1735 393 1775 ora
408 1735 514 1776 manu:
537 1714 684 1796 laniatque
699 1735 716 1774 a
730 1726 850 1794 pectore
865 1725 1002 1774 vestes:

196 1809 411 1910 Pectoraque
396 1831 472 1902 ipsa
474 1809 549 1871 ferit.
593 1807 623 1870 N
625 1830 660 1870 ec
675 1809 786 1871 crinem
801 1809 914 1870 soluere
925 1821 1030 1886 ourat3

194 1895 330 1968 Scindit:
348 1920 378 1969 et
393 1885 493 1982 altrici,
509 1927 572 1989 quae
586 1887 682 1967 luctds
695 1926 794 1982 causa,
808 1905 931 1987 roganti,
1012 1929 1016 1937 ·
1102 1907 1166 1970 320

195 1999 305 2064 ‘Nulla
319 2017 363 2064 est
378 2001 545 2086 Halcyone,
560 2000 639 2064 nulla
654 2002 718 2078 est,'
734 2002 790 2079 ait3
814 2003 940 2065 ‘occidit
953 2023 1013 2064 uua
1131 2005 1135 2012 ’

195 2097 275 2161 Cum
291 2098 397 2182 Ci²yce
411 2119 475 2161 suo.
520 2099 651 2162 Solantia
666 2100 758 2161 tollite
773 2100 873 2161 verba.

195 2191 362 2277 Naufragus
377 2196 493 2258 interiit.
538 2194 619 2271 Vidi,
635 2195 817 2278 agnovique;
839 2189 1003 2280 manusque

195 2293 246 2374 Ad
262 2293 473 2369 discedentem,
488 2291 612 2373 cupiens
621 2291 761 2367 retinere,
776 2291 899 2352 tetendi.
960 2343 966 2354 .

196 2385 310 2450 Umbra
324 2389 414 2470 sugit:
437 2388 490 2449 sed
504 2400 534 2449 et
548 2387 650 2448 umbra
666 2399 762 2448 tamen
777 2385 941 2465 manifesta,
957 2387 1068 2470 virique
1102 2389 1165 2450 325

196 2485 276 2547 Vera
291 2485 359 2547 mei.
404 2483 474 2548 Non
488 2484 536 2546 ille
552 2481 681 2568 quidem,
695 2483 719 2544 si
735 2483 848 2566 quaeris,
864 2483 992 2546 habebat

195 2582 343 2643 Adsuetos
359 2582 473 2643 vultus:
496 2602 563 2657 nec,
579 2600 638 2662 quo
652 2580 732 2662 priris
747 2601 807 2657 ore,
823 2581 944 2642 nitebat.

195 2678 372 2753 Pallantem,
368 2679 568 2760 nudumque,
584 2690 614 2738 et
629 2677 725 2738 adhuc
740 2678 881 2739 humente
896 2677 1003 2760 capillo

195 2773 300 2836 Infelix
317 2774 391 2835 vidi:
415 2775 495 2836 stetit
509 2775 566 2834 hoc
581 2773 772 2835 miserabilis
765 2795 829 2856 rpso

194 2870 276 2932 Ecce
291 2871 385 2932 loco:’
409 2885 439 2931 et
455 2869 566 2952 quaerit,
581 2869 703 2950 vestigia
718 2871 741 2931 sl
757 2891 815 2952 que
828 2869 984 2950 supersint.
1051 2921 1053 2927 ι
1101 2869 1165 2933 330

174 3025 179 3032 .
195 2965 282 3029 ‘Hoc
298 2979 369 3042 erat,
385 2966 442 3026 hoc
458 2966 555 3025 animo
571 2965 648 3046 quod
664 2964 811 3025 divinante
826 2961 985 3039 timebam;

117 3071 126 3092 '
194 3063 234 3126 Et
249 3083 298 3138 ne,
314 3065 362 3122 me
377 3059 502 3142 fugiens,
517 3074 622 3122 ventos
635 3079 790 3141 sequerere
805 3060 963 3140 rogabam?

195 3161 237 3222 At
251 3158 331 3220 cert'e
347 3157 466 3233 vellem,
482 3156 617 3239 quoniam
633 3156 778 3238 periturus
794 3156 902 3232 abibas,

194 3255 247 3318 Me
263 3276 379 3339 quoque
396 3252 540 3315 duxisses.
585 3251 702 3314 Tecum
717 3251 770 3314 fuit
784 3253 866 3329 utile,
881 3267 980 3328 tecum

194 3351 240 3413 Ire
256 3352 337 3415 mihi.
382 3351 489 3434 Neque
505 3349 584 3412 enim
599 3349 636 3412 de
652 3350 717 3412 vite
732 3364 865 3433 tempore
880 3351 1041 3435 quidquam
1101 3353 1164 3413 335

194 3448 263 3511 Non
278 3448 362 3509 simul
377 3448 519 3528 egissem:
541 3467 597 3510 nec
611 3468 689 3508 mors
704 3447 827 3509 discreta
842 3445 953 3510 suisset.

194 3543 224 3608 N
226 3565 283 3606 unc
297 3543 401 3605 absens
416 3564 517 3626 pereo,
528 3542 622 3627 jactor
636 3565 714 3606 nunc
729 3543 865 3605 fluctibus
880 3543 1003 3604 absens:
