2604 4216
154 357 176 421 2
402 341 403 348 ’
472 364 820 420 nmmuoarnosaon
876 399 888 446 3

933 459 947 499 ,4

153 515 203 579 Sic
218 529 280 578 erat
295 513 435 579 instabilis
448 517 544 594 tellus,
560 519 693 582 innabilis
707 520 796 595 unda,

152 612 245 676 Lucis
260 634 350 696 egens
361 619 427 676 air:
441 616 523 676 'nulli
538 638 590 678 sua
604 616 696 678 sonna
710 619 856 694 manebat.

151 705 355 795 Obstabatque
371 713 433 774 aliis
448 713 541 775 aliud:
573 715 641 797 quia
654 736 775 798 corpore
791 713 819 776 in
834 735 893 776 uno
971 755 976 780 s

151 807 272 891 Frigida
286 811 454 894 pugnabant
468 811 580 888 calidis,
596 812 745 874 humentia
759 813 853 889 siccis,

143 905 257 998 'Mollia
271 928 339 968 cum
355 907 444 984 duria,
459 908 520 969 sine
536 908 666 991 pondere
683 910 819 972 habentia
833 910 958 993 pondus.
1007 900 1010 901 ⁷

193 1002 282 1066 Hanc
298 1003 382 1066 Deus
396 1018 427 1066 et
440 1006 639 1089 meliorxlitem
654 1005 767 1071 Natura
782 1008 912 1070 diremit:

151 1099 230 1163 Nam
244 1103 323 1164 coelo
336 1115 437 1178 terrae,
452 1116 482 1164 et
496 1103 579 1164 terris
593 1104 714 1187 abscidit
728 1105 830 1181 undas,

152 1197 193 1261 Et
206 1199 349 1282 liquidum
364 1199 457 1282 spisso
471 1199 595 1263 secrevit
610 1202 646 1265 ab
662 1205 729 1265 aire
743 1187 865 1264 coeldm.

56 1373 58 1377 Ι
150 1293 229 1370 (Qua
244 1310 401 1380 postquam
415 1298 536 1374 evolvit,
550 1320 687 1382 caecoque
703 1301 814 1362 exemit
828 1321 944 1377 acerve,

151 1393 317 1456 Dissooiata
332 1396 404 1457 locis
418 1397 557 1458 concordi
568 1418 641 1481 pace
656 1397 767 1478 ligavit.

140 1481 243 1573 ¹Ignea
256 1493 384 1554 convexi
400 1493 443 1554 vis
458 1502 487 1554 et
503 1493 564 1556 sine
580 1493 792 1576 ponderecoeli

151 1587 293 1666 Emicuit,
308 1590 481 1674 summique
495 1591 593 1652 locum
608 1592 662 1654 sibi
676 1591 747 1674 legit
761 1591 789 1652 in
805 1611 883 1653 arce.

151 1683 309 1754 Proximus
324 1700 369 1748 est
383 1708 415 1750 a
418 1709 432 1748 r
445 1687 499 1748 rlh
497 1687 630 1764 levitate,
645 1689 789 1772 locoque:

151 1782 279 1845 Densior
293 1783 337 1846 bis
351 1785 454 1846 tellus:
478 1785 682 1880 elementaque
696 1786 815 1867 grandia
830 1785 937 1861 traxit;

151 1879 193 1942 Et
208 1901 308 1963 pressa
322 1895 366 1942 est
381 1881 522 1962 gravitate
537 1882 603 1942 sui
637 1881 837 1944 Circumfluus
852 1883 959 1944 humor
1052 1883 1055 1887 ’

77 2049 88 2058 .
150 1976 264 2040 Ultima
279 1978 418 2060 possedit,
433 1978 616 2065 solidumque
630 1980 762 2042 coercuit
780 1969 891 2042 orbern.

193 2074 244 2138 Sic
258 2075 308 2136 ubi
324 2075 504 2158 dispositam,
520 2075 648 2160 quisquis
662 2077 715 2139 fuit
729 2077 777 2138 ille
793 2077 926 2153 deorum,

150 2169 330 2258 Congeriem
346 2173 449 2248 secuit,
464 2187 634 2256 sectamque
649 2174 678 2235 in
693 2176 824 2237 membra
837 2174 966 2256 redegit3

151 2270 301 2354 Principio
315 2284 432 2350 terram,
447 2293 484 2332 ne
499 2293 557 2332 non
573 2271 690 2356 aqualis
705 2272 741 2334 ab
756 2273 836 2334 omni

151 2367 241 2454 Parte
255 2367 339 2445 foret,
354 2369 451 2450 magni
466 2369 597 2451 speciem
612 2369 783 2450 glomeravit
797 2369 827 2431 in
846 2370 933 2432 orbis.

150 2465 233 2526 Turn
248 2465 321 2528 freta
336 2466 468 2540 diffundi,
483 2465 648 2548 rabidisque
663 2477 826 2527 tumescere
842 2467 938 2527 ven'tis

151 2561 255 2638 Jussit,
270 2577 300 2624 et
315 2561 430 2624 ambite
445 2562 624 2625 circumdare
639 2561 671 2623 lit
660 2569 733 2622 ttora
748 2575 840 2624 terra.
1032 2642 1038 2653 Χ

149 2659 275 2728 Addidit
292 2673 322 2720 et
337 2658 467 2734 sontes,i
458 2680 659 2742 immensaque
674 2673 786 2740 stagna,
795 2633 960 2769 decusque,

148 2753 351 2840 Fluminaque
365 2756 490 2842 obliquis
504 2755 596 2818 cinxit
611 2755 770 2818 declivia'
749 2757 845 2842 ripis:

151 2848 234 2948 Qua
247 2853 360 2914 diversa
374 2853 447 2914 locis
461 2852 565 2935 partim
580 2854 733 2928 sorbentur
746 2854 804 2915 ab
798 2875 879 2938 lpse·
868 2901 880 2930 ,
934 2911 936 2922 Δ
975 2885 977 2894 ⁴

152 2947 187 3012 [u
202 2972 281 3012 mare
296 2951 471 3033 perveniunt
485 2951 600 3062 partim,
615 2969 780 3034 campoque
795 2964 916 3036 recepta

138 3043 312 3129 „Liberioris
327 3069 420 3131 aque,
436 3069 489 3132 pro
503 3049 572 3132 ripis
586 3049 682 3110 littora
697 3048 822 3149 pulsant.

153 3143 172 3206 J
175 3139 245 3206 ussit
259 3161 289 3206 et
304 3145 425 3209 extendi
439 3167 572 3228 campos,
586 3146 735 3208 subsidere
751 3135 852 3222 vailcs,

153 3241 273 3306 Fronde
288 3242 348 3323 tegi
362 3242 459 3317 silvas,
473 3242 620 3323 lapidosos
634 3264 751 3324 surgere
766 3255 901 3326 montes.¹
946 3247 948 3250 ’

153 3337 255 3423 thue
271 3340 334 3408 duae
350 3339 455 3402 dextri
468 3339 589 3415 eoelum,
603 3339 783 3423 totidemque
798 3339 913 3434 sinistra}

154 3436 243 3499 Parte
257 3451 359 3499 secant
374 3459 465 3514 zonae,
481 3437 581 3522 quinta
595 3450 640 3498 est
654 3436 800 3506 ardentior
813 3437 888 3513 illis;

154 3531 204 3598 Sic
219 3555 293 3598 onus
308 3535 453 3598 inclusum
466 3556 589 3598 numero
604 3533 734 3598 distinxit
748 3535 855 3598 eodem
