2608 4218
158 319 220 384 tte
466 327 816 382 nrrnnoarnosaon

155 478 351 563 Litteraque
343 481 460 542 intravit
474 481 616 563 Pegasaea
631 479 748 543 Colcha
761 477 870 542 carina

154 577 266 640 AEacus
281 575 350 639 huic
364 591 449 660 pater
462 592 525 640 est:
549 578 598 661 qui
607 577 676 662 jura
690 565 845 639 silentibus
855 575 914 656 illic
992 553 994 560 i
1085 579 1132 642 25
1286 539 1290 812 4

154 673 278 750 Reddit,
293 673 344 736 ubi
358 673 507 736 AEoliden
512 695 618 736 saxum
632 693 721 756 grave
736 671 886 756 Sisyphon
901 687 998 758 urget

150 767 269 832 Ειιοοιι
285 773 415 854 agnoscit
429 787 571 848 summus,
586 772 760 866 prolemque
774 769 881 832 fatetur

88 879 90 884 '
153 867 271 950 Jupiter
285 889 350 930 esse
365 889 458 930 suam.
504 867 554 932 Sic
567 869 605 930 ab
620 867 704 930 Jove
714 867 815 932 tertius
831 866 923 950 Ajax.

154 962 221 1026 Nec
236 978 335 1026 tamen
350 965 413 1026 haec
427 965 516 1026 series
531 964 560 1026 in
575 964 666 1026 causi
679 963 782 1046 prosit,
797 963 928 1041 Achivi3

154 1060 186 1122 Si
200 1061 272 1122 mihi
286 1082 356 1123 cum
370 1081 476 1142 magno
490 1081 548 1132 ιιοιι
565 1074 609 1123 est
623 1060 788 1124 communis
801 1061 934 1140 Achille.
1083 1061 1130 1127 30

153 1151 258 1218 Frater
273 1170 353 1233 erat3
376 1155 502 1219 fraterna
516 1170 597 1239 peto.
642 1154 735 1229 Quid
746 1157 889 1251 sauguine
902 1170 999 1218 cretus

153 1253 303 1336 Sisyphio,
319 1253 470 1336 furtisque,
485 1267 516 1315 et
530 1252 630 1315 fraude
646 1252 808 1316 simillimus
824 1253 882 1330 illi,

151 1349 257 1412 Inserit
272 1349 406 1414 AEacidis
418 1350 519 1414 alienae
534 1350 653 1412 nomina
668 1351 784 1432 gentis?
832 1359 836 1364 “
901 1351 904 1355 ’

194 1448 244 1509 Αιι
261 1447 364 1531 qudd
356 1467 384 1510 m
400 1468 481 1530 anm
481 1447 583 1538 prior,
599 1447 739 1530 nulloque
754 1448 808 1509 sub
822 1446 922 1509 indice
935 1417 1013 1549 verri,

152 1545 246 1606 Arma
261 1544 396 1634 neganda
409 1517 502 1606 mihil
491 1545 678 1638 lpotiorque
694 1544 840 1606 videbitur
854 1543 914 1621 ille,
1084 1546 1129 1608 35

151 1639 266 1704 Ultima
273 1641 330 1728 qui
344 1641 453 1730 cepit,
449 1621 622 1704 detrectavit
610 1655 681 1734 tque
696 1629 792 1703 furore

151 1735 290 1800 Militiam
305 1739 391 1800 ficto.
415 1737 511 1800 donec
523 1738 685 1802 solertior
678 1721 747 1817 rstb,

152 1833 213 1895 Sed
228 1834 282 1894 sibi
296 1834 434 1910 inutilior,
451 1830 566 1896 timidi
558 1848 727 1896 commenta
742 1833 850 1896 retexit

109 1977 110 1984 ι
152 1928 334 2011 Naupliades
350 1930 448 2005 animi,
465 1931 613 2013 vitataque
628 1930 716 1990 traxit
731 1929 760 1991 in
776 1927 881 1992 atrita?

151 2009 275 2108 Optima
288 2045 367 2086 nunc
382 2038 489 2102 sumat,
505 2025 555 2108 qui
569 2045 684 2086 sumere
699 2025 794 2088 noluit
809 2026 888 2089 ulla:

152 2120 215 2184 Nos
230 2122 406 2198 inhonorati,
422 2136 453 2184 et
468 2121 551 2184 donis
567 2123 747 2205 patruelibus
761 2124 834 2201 orbi,

151 2219 386 2304 Obtulimuauqui
400 2241 454 2282 nos
469 2220 506 2282 ad
521 2220 614 2303 prima
628 2219 769 2302 pericula,
784 2221 885 2282 simus.
900 2281 907 2290 ,

150 2317 253 2400 Atque
268 2317 380 2379 utinam
395 2331 446 2380 aut
463 2338 548 2380 verus
563 2314 641 2378 suror
654 2303 933 2393 ille,'aut‘creditus,
943 2329 1044 2394 esset3

151 2411 219 2477 Nec
232 2434 334 2477 comes
349 2414 558 2496 hic'Pbrygias
573 2426 701 2497 unquam
717 2415 845 2476 venisset
864 2415 901 2476 ad
916 2435 998 2478 arces

151 2509 292 2574 Hortator
306 2511 468 2574 scelerum!
507 2509 577 2573 Non
592 2523 633 2585 te,
649 2510 787 2572 Poeantia
802 2511 910 2594 proles,

151 2607 331 2691 Expositum
345 2607 478 2692 Lemnos
492 2621 591 2668 nostro
605 2627 674 2668 cum
688 2607 957 2676 criminehaberet.

151 2704 215 2778 Qui
229 2725 307 2766 nunc
325 2703 372 2790 (ut
387 2701 567 2790 memorant)
584 2703 764 2768 silvestribus
779 2705 894 2768 abditus
908 2707 998 2769 antris

151 2803 232 2866 Saxa
247 2823 349 2866 moves
365 2802 487 2884 gemitu,
501 2801 726 2886 Laertiadaeque
742 2803 880 2885 precaris,

150 2898 229 2973 Quae
244 2901 366 2962 meruit:
390 2921 454 2983 quac
471 2898 511 2986 (si
526 2898 556 2962 di
571 2897 654 2986 sunt)
671 2923 729 2962 non
744 2921 822 2963 vana
836 2900 975 2984 preceris.

150 2994 192 3059 Et
206 3017 285 3059 nunc
300 2997 349 3060 ille
365 2999 470 3072 eadem
485 2998 568 3061 nobis
579 2997 692 3082 juratus
707 2999 736 3060 in
752 3020 842 3076 arrna,
1025 3055 1027 3058 ,
1082 3000 1126 3075 50

97 3133 100 3140 ·
152 3091 238 3180 (Heu
250 3093 274 3179 l)
298 3117 365 3178 pars
381 3116 439 3160 una
454 3095 574 3173 ducum,
591 3118 650 3181 quo
664 3117 833 3159 successore
847 3097 957 3180 sagitte

150 3189 288 3254 Herculis
303 3205 433 3269 utuntur,
449 3193 556 3256 fractus
572 3195 733 3277 morboque
748 3193 896 3277 fameque,

151 3279 335 3372 velaturque
350 3289 492 3372 aliturque
509 3291 628 3366 avibus;
642 3283 845 3374 ¹volucresque
867 3289 998 3374 petendo

150 3385 263 3448 Debita
276 3385 412 3472 Trojanis
427 3396 549 3448 exercet
563 3386 677 3470 spicula
690 3387 766 3448 satis.
1062 3399 1076 3426 ⁸

151 3483 206 3546 Ille
221 3498 321 3547 tamen
337 3483 420 3562 vivit,
436 3483 504 3567 quia
519 3505 577 3546 non
592 3482 743 3546 comitavit
757 3481 911 3566 Ulyssem.

1216 1202 1223 1214 ⁸
1287 1249 1290 1314 ι

1179 1544 1183 1551 f
