2604 4216
382 373 385 380 '
457 387 801 442 neranoarnosaon

144 543 228 620 Quid
243 541 350 606 faciat?
371 543 496 604 multum
510 541 580 604 coeli
594 554 660 624 post
675 554 758 622 terga
771 539 924 602 relietum:

143 641 225 702 Ante
240 641 340 703 oculos
355 640 421 724 plus
436 653 491 700 est.
535 639 647 700 Animo
662 637 781 699 metitur
796 651 964 720 utrumque.

144 736 184 800 Et
199 737 299 813 modi),
315 757 388 821 quos
403 737 443 798 illi
458 734 518 798 sato
532 735 701 818 contingere
717 757 775 796 non
791 748 846 811 est,

142 833 289 916 Prospicit
304 855 444 896 occasus:
468 834 612 896 interdum
627 832 743 916 respicit
758 845 848 893 ortus.

142 929 284 1014 Quidque
300 946 365 1014 agat
381 932 505 1013 ignarus,
521 943 637 1014 stupet:
660 944 690 990 et
705 951 762 991 nec
777 927 864 990 liaena
878 929 1008 1005 remittit,
1053 929 1116 992 190

143 1026 209 1089 Nec
224 1029 350 1092 retinere
366 1029 460 1090 valet:
484 1048 540 1089 nee
555 1027 674 1089 nomina
688 1026 770 1088 novit
785 1047 938 1109 equorum.

141 1123 250 1207 Sparsa
266 1147 381 1209 quoque
397 1125 426 1186 in
442 1125 523 1186 vario
538 1124 649 1208 passim!
659 1123 798 1212 miracula
812 1124 900 1200 coelo,

143 1221 361 1305 Vastammque
377 1221 459 1302 videt
472 1222 601 1305 trepidus
616 1217 771 1282 simulacra
784 1220 930 1295 leramm.

183 1318 239 1382 Est
252 1321 344 1396 locus,
359 1319 387 1380 in
403 1319 535 1400 geminos
549 1319 599 1380 ubi
613 1318 733 1380 brachia
747 1333 889 1380 concavat
903 1339 986 1381 meus

142 1417 300 1500 Scorpios3
321 1431 351 1480 et
366 1416 463 1479 candia
478 1417 622 1500 flexisque
636 1417 772 1499 utrinque
787 1417 902 1480 lacertis
923 1419 926 1425 '
1053 1409 1115 1482 19'5

139 1513 266 1596 Porrigit
281 1515 310 1576 in
325 1515 450 1598 spatium
466 1515 613 1596 signomm
628 1515 760 1598 membra
775 1501 909 1576 duorum.
934 1520 937 1524 ’

141 1609 232 1674 Hune
247 1633 320 1695 puer
333 1625 366 1674 ut
380 1612 454 1695 nigri
469 1611 619 1674 madidum
634 1611 739 1673 sudore
751 1611 857 1674 veneni

142 1707 275 1771 Vulnera
286 1709 411 1772 curvati
424 1710 606 1772 minitantem
620 1709 743 1792 cuspide
759 1708 848 1786 vidit3

140 1803 252 1868 Mentis
267 1807 362 1888 inops,
376 1805 475 1886 gelida
489 1806 642 1868 formidine
657 1807 718 1868 lora
732 1807 851 1868 remisit.

141 1901 218 1975 (luae
235 1917 389 1985 postquam
404 1923 550 1964 summum
567 1902 689 1982 tetigere
700 1902 829 1984 jacentia
845 1915 970 1984 tergum,
1050 1905 1114 1966 000

140 1997 353 2082 llxspatiantur
367 1999 453 2082 equi:
477 1999 615 2082 nulloque
631 1999 781 2061 inhibente
797 2020 851 2081 per
865 2021 949 2062 auras

139 2095 249 2178 lgnotae
265 2097 388 2178 regionis
404 2109 493 2172 eunt3
516 2095 633 2180 quique
648 2095 775 2179 impetus
787 2096 857 2178 egit,

47 2229 49 2234 .
140 2191 209 2256 llic
223 2194 284 2256 sine
299 2195 365 2277 lege
380 2208 466 2256 ruunt
481 2216 487 2256 :
511 2194 628 2276 altoque
644 2194 698 2254 sub
713 2195 820 2256 aethere
835 2194 901 2256 fixis

139 2289 291 2354 incursant
307 2292 407 2368 stellis,
422 2291 596 2375 rapiuntque
612 2311 665 2374 per
679 2291 744 2352 avia
757 2313 884 2354 cunum.

139 2386 182 2458 lit
196 2390 286 2452 modo
300 2411 415 2452 summa
429 2403 545 2472 petunt,
560 2389 650 2450 modd
665 2409 719 2470 per
733 2389 859 2465 decliva,
876 2389 998 2473 viasque
1049 2389 1114 2451 205

140 2485 311 2569 Praecipites
325 2486 420 2569 spatio
434 2499 516 2547 temae
532 2485 667 2567 propiore
683 2483 825 2547 feruntur.
1001 2477 1006 2485 ¹

139 2583 322 2667 Inferiisque
337 2584 396 2645 suis
411 2582 551 2645 fraternos
566 2603 682 2644 currere
697 2578 784 2644 Luna

139 2681 310 2742 Admiratur
324 2701 431 2766 equos:
456 2681 647 2762 ambustaque
663 2679 762 2741 nubila
776 2679 898 2768 sumant.

139 2777 305 2862 Corripitur
319 2778 453 2854 fiammis
469 2792 501 2840 ut
517 2789 639 2861 quaque
655 2777 803 2854 altissima,
818 2779 922 2856 tellus3

140 2875 283 2961 Fissaque
299 2876 468 2958 agitrimas,
484 2890 513 2938 et
528 2876 622 2939 suoeis
638 2890 699 2938 aret
715 2876 871 2960 ademptis.
1050 2879 1114 2940 210

140 2973 254 3038 Pabula
268 2987 445 3036 canescunt:
468 2969 699 3036 cum-frondibus
713 2974 805 3038 un'tur
820 2975 921 3037 arbos:

140 3069 355 3153 Materiamque
370 3093 424 3133 suo
439 3073 548 3152 praebet
563 3093 648 3153 seges
661 3072 742 3134 arida
757 3073 874 3135 damno.

140 3167 238 3230 Parva
253 3188 368 3250 queror.
413 3166 530 3248 Magnae
545 3183 670 3251 pareunt
684 3191 753 3230 eum
768 3170 914 3230 moenibus
929 3169 1033 3231 urbes:

140 3263 280 3348 Cumque
296 3265 354 3326 suis
369 3277 444 3326 totas
459 3264 575 3346 populis
591 3265 727 3326 incendia
741 3278 844 3345 gentes

140 3360 175 3424 In
190 3362 319 3423 cinerem
335 3374 462 3422 vertunt.
507 3361 593 3422 Silvae
608 3383 677 3422 cum
690 3361 838 3422 montibus
853 3360 966 3424 ardent.
1049 3365 1132 3426 215.

141 3460 236 3524 Ardet
252 3459 358 3536 Athos,
374 3459 550 3543 Taumsque
565 3459 658 3535 Cilix,
673 3472 703 3522 et
718 3458 853 3536 Tmolus,
868 3473 899 3522 et
913 3458 1006 3538 OEte;

142 3555 183 3622 Et
197 3579 276 3620 nuno
291 3557 378 3636 sicca,
395 3556 473 3643 prins
489 3557 679 3622 celeberrima
696 3555 833 3635 fontibus,
847 3557 920 3638 lde3
