2604 4216
167 397 215 459 70
484 399 830 454 nasamonarroanou

170 551 237 616 Nec
251 551 397 615 ceditnisi
411 565 490 615 sorte
504 552 597 614 mihi?
641 551 702 614 Sed
717 564 797 614 tanta
810 550 922 636 cupido

168 647 203 717 Si
217 649 268 711 tibi
284 649 395 711 discidii
404 669 413 724 3
436 661 549 732 repetat
565 649 742 733 Proserpina
758 649 884 711 coelum:

170 744 254 827 Lege
269 759 368 808 tamen
383 747 482 822 cerain
504 747 527 808 si
543 747 638 810 nullos
652 747 773 829 contigit
788 746 847 808 illic
918 757 920 764 '

169 839 232 904 Ora
246 842 343 906 cibos:
367 865 435 906 narn
450 843 492 906 sio
507 841 667 906 Parentum
682 843 793 906 loedere
807 855 926 905 cautum
943 842 1011 905 est!

96 933 104 956 ⁸
213 938 348 1002 Dixerat.
393 942 436 1002 At
448 939 556 1004 Cereri
567 955 684 1004 eertum
699 955 743 1002 est
758 940 884 1002 educere
898 937 1009 1003 natam.
1077 941 1143 1006 370

170 1034 239 1098 Non
254 1037 294 1098 ita
309 1036 368 1100 sata
382 1037 494 1100 sinunt:
519 1039 657 1121 quoniam
668 1036 781 1122 jejunia
796 1038 877 1120 virgo
1019 1047 1021 1054 “

167 1131 320 1196 Solverat:
344 1148 384 1211 et,
397 1135 483 1197 cultis
498 1133 569 1196 dum
584 1135 711 1218 simplex
726 1147 804 1196 errat
816 1134 845 1196 in
861 1135 960 1213 hortis,

168 1229 345 1293 Poenioeum
359 1231 450 1293 curva
465 1231 651 1314 decerpserat
666 1232 766 1293 arbore
786 1253 924 1316 pomum:
948 1281 951 1288 .

168 1326 353 1412 Sumptaque
369 1327 488 1411 pallenti
503 1341 619 1413 septem
634 1329 671 1390 de
686 1329 795 1390 cortice
810 1347 899 1410 grana
932 1330 934 1344 ’

168 1423 320 1488 Presserat
334 1446 385 1487 ore
400 1445 470 1487 suo:
494 1426 632 1508 solusque
647 1443 686 1487 ex
702 1425 834 1487 omnibus
849 1424 920 1488 illud
1075 1429 1142 1492 3¹15

169 1517 293 1584 Viderat
308 1523 510 1606 Ascalaphus:
534 1538 623 1606 quem
639 1523 785 1606 quondam
802 1522 906 1585 dicitur
919 1520 1056 1606 Orphne,

144 1699 147 1706 γ
166 1615 249 1682 Inter
262 1620 427 1682 Avernales
442 1620 521 1682 haud
535 1620 715 1702 ignotissima
725 1619 883 1703 nymphas,

56 1739 60 1744 ·
168 1715 219 1778 Ex
234 1717 405 1780 Acheronte
419 1739 473 1780 auo
487 1716 578 1780 furvis
593 1718 742 1802 peperisse
758 1717 812 1779 sub
827 1717 924 1779 antris.

169 1810 268 1875 Vidit:
292 1827 323 1875 et
337 1813 444 1876 indicio
458 1815 582 1876 reditum
596 1815 722 1876 crudelis
737 1813 856 1878 ademit.
875 1843 877 1850 ⁴

167 1907 315 1990 Ingemuit
329 1910 429 1990 regina
444 1909 552 1985 Erebi;
575 1923 740 1995 testemque
754 1909 904 1995 profanam
1074 1913 1140 1975 380

166 2003 253 2067 Fecit
269 2027 371 2067 avem:
395 2025 586 2088 sparsumque
601 2019 691 2088 caput
706 2003 955 2088 Phlegethontide
969 2006 1096 2090 lympha

165 2099 200 2163 ln
216 2115 351 2178 rostrum,
366 2115 396 2163 et
411 2101 536 2184 plumas,
552 2113 581 2164 et
597 2101 716 2183 grandia
728 2102 839 2164 lumina
854 2103 950 2166 vertit.
1046 2111 1050 2123 “

165 2197 219 2260 Ille
234 2197 288 2260 sibi
303 2197 414 2260 ablatus
430 2197 515 2260 fulvis
528 2198 662 2261 amicitur
675 2199 796 2277 ab'alis;
859 2212 861 2221 ¹

164 2293 259 2379 Inque
273 2309 364 2378 caput
378 2296 499 2373 crescit3
521 2296 682 2380 longosque
698 2295 858 2360 reflectitur
871 2317 1003 2379 ungues3

165 2389 287 2474 Vixque
301 2405 402 2454 movet
416 2405 498 2454 natas
512 2414 566 2474 per
579 2393 681 2453 inertia
695 2393 813 2454 brachia
828 2413 959 2475 pennas3
1071 2395 1136 2460 385

163 2485 319 2571 Foedaque
334 2489 365 2550 fit
380 2489 514 2564 volucris,
529 2489 644 2568 venturi
658 2489 878 2568 nuntiaremus,

125 2621 135 2630 -
162 2581 291 2665 Ignarus
306 2583 395 2660 bubo,
411 2583 505 2644 dirum
519 2584 689 2645 mortalibus
704 2605 803 2648 omen.

205 2679 249 2741 At
262 2678 375 2742 medius
391 2678 542 2762 fratrisque
557 2680 602 2741 sui
616 2687 788 2765 moestaque
803 2683 907 2746 sororis

161 2775 279 2859 Jupiter
293 2793 332 2836 ex
347 2795 432 2859 raquo
446 2775 614 2839 volventem
629 2777 731 2841 dividit
746 2799 865 2842 annum.

161 2869 250 2934 Nunc
264 2871 331 2949 dea,
345 2893 501 2956 regnorum
516 2895 625 2936 numen
639 2895 797 2938 commune
813 2877 947 2955 duorum,

161 2967 242 3030 Cum
257 2983 350 3033 matre
364 2983 409 3032 est
424 2969 557 3048 totidem,
572 2972 694 3034 totidem
708 2993 778 3036 eum
792 2973 917 3058 conjuga
932 2995 1058 3040 meuses.

161 3063 293 3128 Vertitur
308 3068 460 3150 extemplo
474 3067 572 3146 facies,
588 3082 618 3132 et
632 3070 749 3146 mentia,
764 3085 795 3133 et
809 3072 881 3135 oris:

159 3160 189 3224 N
191 3183 249 3239 am,
263 3164 352 3225 modo
368 3183 432 3248 quat
447 3178 562 3247 poterat
577 3165 640 3229 Diti
656 3187 773 3251 quoque
787 3181 893 3231 moesta
908 3167 1009 3246 videri,

158 3259 242 3322 Laeta
256 3260 318 3322 dee
333 3259 410 3322 lrons
425 3274 489 3323 est:
513 3275 546 3324 ut
560 3262 613 3338 sol,
629 3265 678 3346 qui
694 3277 788 3326 tectus
803 3267 918 3348 aquosis

91 3405 95 3416 .
158 3354 293 3420 Nubibus
308 3357 375 3422 anta
391 3355 453 3434 fuit,
468 3358 553 3422 victis
566 3359 617 3420 ubi
631 3361 756 3423 nubibus
769 3361 844 3424 exit.
925 3385 927 3392 ’

1293 1491 1295 1534 l

1291 1592 1295 1644 l
