2608 4218
522 405 696 463 Erlsroua
718 407 776 459 vn.

147 565 155 572 '
177 551 286 617 Certus
301 573 349 637 es,
358 549 473 637 AEnea,
481 575 551 618 eum
565 551 685 636 soedere
690 551 807 614 solvere
821 567 928 614 naves:

219 641 356 735 Quaque
371 651 420 714 ubi
436 651 493 714 sint
506 649 613 726 neseis,
627 615 703 712 ltada
716 667 812 746 regna·
819 646 902 730 sequi
905 678 937 756 ‘s‘

176 743 243 810 Nec
257 769 334 810 nova
348 745 509 848 Cumqgo,
523 729 579 810 ne'c
594 760 624 808 te
637 744 800 809 crescentia
814 757 934 826 tangunt

218 841 351 932 Moenia3
373 864 430 905 uec
443 855 562 926 sceptro
574 839 680 917 tradita
694 861 810 902 summa
824 853 886 902 tuo
1110 842 1149 902 to

150 931 158 938 ’
176 935 270 1002 Facta
284 915 377 1021 sugis3
398 935 531 1002 facienda
548 938 634 1022 petis.
680 937 851 1011 Quaerenda
865 958 919 1022 per
932 937 1034 1000 orbem

218 1027 321 1102 Alteri
320 1036 493 1148 quaesita
481 1050 525 1099 est
540 1037 631 1099 altera
645 1048 722 1098 terra
740 1034 804 1098 tibi.

175 1129 219 1196 Ut
234 1084 339 1196 tetradi
346 1134 497 1226 invenias,
511 1133 576 1218 quis
590 1153 657 1198 eam
672 1133 724 1195 tibi
739 1131 834 1195 tradet
849 1117 1038 1196 habendam?

218 1228 296 1306 Quis
309 1252 362 1294 sua
376 1253 435 1294 uon
450 1231 526 1320 notis
540 1251 611 1293 arva
624 1229 753 1292 tenenda
767 1224 912 1292 dabit?

175 1327 261 1393 Alter
274 1328 426 1392 habendus
441 1329 523 1391 amor
535 1328 588 1392 tibi
602 1342 702 1408 restat,
718 1340 748 1391 et
762 1328 853 1392 altera
867 1325 967 1390 Dido:
1109 1325 1147 1390 15

217 1417 400 1512 Quamque
393 1440 498 1489 lterum
513 1425 607 1502 sallas,
622 1426 714 1488 altera
728 1411 825 1490 danda
839 1425 922 1488 fides.

174 1519 305 1595 Quando
319 1522 384 1600 erit,
398 1537 431 1586 ut
443 1521 572 1585 coodas'
565 1537 654 1584 instar
664 1522 854 1627 Carphaginis
862 1522 976 1597 urbem,

215 1618 256 1682 Et
272 1620 371 1683 videas
387 1589 520 1703 populos
527 1620 603 1682 altus
617 1621 655 1682 ab
670 1609 736 1682 arod
752 1621 838 1682 tuos?

172 1714 283 1778 Omnia
296 1730 329 1779 ut
343 1718 490 1817 eveniant,
504 1737 560 1780 nec
575 1730 605 1779 te
619 1729 670 1780 tua
685 1729 754 1778 vota
767 1703 934 1792 mouentum

215 1797 305 1877 Unde
320 1814 383 1891 tibi,
399 1837 463 1899 quae
477 1827 507 1877 te
522 1814 564 1877 sio
579 1827 669 1891 amet,
683 1834 759 1876 uxor
772 1813 847 1876 erit?
1105 1813 1147 1875 20

172 1909 291 2010 AEneas
297 1911 391 1974 oculis
405 1931 523 1996 semper
536 1911 681 1992 vigilantis
695 1910 834 1974 inheret:

58 2073 64 2080 ,
214 1973 331 2071 AEnean
346 2009 443 2071 animo
458 2027 578 2091 noxque
593 2007 715 2106 diesque
730 2003 829 2074 refert

167 2103 225 2168 tlte
240 2128 278 2190 qu
310 2128 358 2168 em
363 2105 460 2168 meld
446 2118 575 2218 gratur,
590 2078 673 2168 etad
688 2125 754 2168 maa
769 2125 891 2168 munera
905 2103 1028 2182 surdus3

213 2199 255 2264 Et
269 2106 374 2304 dido,
352 2202 376 2264 si
390 2222 449 2264 non
464 2202 519 2264 sim
533 2175 632 2278 stulta·
645 2223 745 2264 carere
760 2203 867 2264 velim:

152 2321 155 2330 ·
171 2295 200 2360 N
202 2319 240 2360 on
254 2305 355 2360 tamen
369 2271 499 2376 AEnedo,
514 2297 649 2398 quamvis
663 2298 740 2398 male
755 2299 885 2389 cogitat,
890 2297 956 2360 odi:
1101 2289 1145 2355 25

212 2394 274 2458 Sed
289 2385 409 2489 querdr
408 2394 539 2488 infidum,
555 2371 717 2479 questuque
733 2387 818 2478 pejus
832 2415 909 2456 amo.

121 2533 124 2538 ·
171 2489 275 2570 Parce,
291 2465 409 2570 Venus,
422 2490 518 2568 nurui,
532 2490 698 2602 durumque
713 2480 892 2574 amplectere
907 2489 1036 2568 fratrem,

211 2589 316 2652 Frater
329 2569 441 2652 Ᾱιιιοιι
463 2588 565 2652 castris
579 2588 682 2651 militet
697 2587 746 2650 ilie
762 2588 829 2652 tuis.

169 2683 290 2763 Pallon
301 2700 343 2756 et
357 2675 409 2750 ista
424 2673 495 2749 mihi
510 2685 606 2749 salsd
594 2699 722 2771 jactatur
736 2686 843 2768 imago.

150 2805 155 2814 ·
211 2781 316 2845 Matris
331 2759 389 2845 a‘b
369 2782 500 2891 ingenio
515 2780 634 2846 dissidet
646 2783 697 2844 ille
711 2803 782 2845 sua.

168 2879 217 2942 Te
232 2879 319 2961 lapis²
331 2892 362 2942 et
376 2893 501 2954 montes,
516 2878 674 2961 innataque
687 2879 832 2969 rupibus
822 2881 886 2944 altis

212 2975 345 3073 Robora,
360 2988 389 3036 te
404 2995 487 3036 saevae
503 2995 686 3058 progenuere
701 2974 785 3037 sera:

169 3051 340 3148 tietmare,
355 3071 441 3155 quale
457 3071 538 3134 vides
553 3071 654 3153 agitari
668 3093 746 3134 nunc
761 3093 879 3156 quoque
895 3076 1005 3140 ventis:

211 3169 306 3245 Quod
320 3183 418 3232 tamen
434 3167 562 3232 adversis
577 3168 735 3232 fluctibus
727 3191 768 3232 ιιι
783 3191 877 3254 paras.

169 3266 242 3342 Qun
257 3266 353 3354 sugis?
375 3266 472 3329 obstat
487 3266 598 3330 hiems:
622 3266 726 3330 hiemis
740 3267 812 3330 mihi
827 3269 918 3352 gratia
932 3272 1032 3356 prosit.
1097 3275 1141 3340 35
1173 3289 1190 3326 -“

211 3353 358 3451 Adspice,
369 3377 402 3428 ut
416 3349 533 3427 eversas
547 3365 677 3427 concitet
691 3363 790 3428 Eurus
804 3387 904 3451 aquas.

169 3459 262 3535 Quod
277 3461 328 3525 tibi
342 3462 542 3539 maluerim,
520 3483 583 3524 sme
598 3483 647 3524 me
662 3461 769 3525 debere
784 3465 929 3548 procellis.

210 3554 322 3622 Justior
335 3572 380 3622 est
394 3560 491 3622 animo
507 3574 612 3624 ventus
627 3574 658 3623 et
671 3561 751 3624 unda
765 3576 827 3624 tuo.
872 3557 878 3572 '

467 3657 507 3720 14
