2608 4218
527 355 775 430 nun-ennon.
941 308 943 311 ¹
1070 358 1131 422 17¹1

207 499 322 592 irrigue
338 508 452 572 debitur
465 530 525 573 uon
538 512 610 576 mihi
625 513 723 574 sulcus
742 531 834 594 aque.

167 606 210 670 At
222 607 291 669 eiun
305 619 432 669 maturus
447 607 514 669 fisso
527 629 604 672 nove
617 608 725 672 cortice
739 609 828 670 rimas

208 699 281 766 Nux
294 695 371 785 igin
393 704 431 766 ed
445 717 543 788 partes
557 707 668 788 pertice
679 694 759 768 ‘seva
774 705 864 768 venit.

165 797 284 862 Pertiee
298 799 348 865 det
362 801 456 884 plenis
471 803 593 864 immitia
608 803 730 864 vulnere
743 802 849 880 ramis;
920 836 927 848 ·

208 893 261 958 Ne
272 897 382 979 possim
396 897 528 980 lepidum
542 899 665 962 verbere
678 899 741 961 sole
756 899 848 982 queri.

166 990 263 1054 Poma
275 993 394 1069 eedmrt,
408 994 516 1056 mensis
530 1014 588 1057 non
602 995 754 1058 interdicte
769 993 925 1072 secundis3

210 1087 251 1152 Et
263 1088 365 1152 condis
380 1090 481 1168 lectus,
496 1113 585 1174 pereo
594 1092 718 1168 colone,
730 1111 835 1154 nuces.

166 1181 266 1263 Felix,
280 1201 394 1250 secreto
409 1208 472 1272 que
486 1201 555 1252 nata
570 1202 615 1251 est
629 1189 713 1251 arbor
726 1188 756 1250 in
770 1209 859 1267 ervo-3

209 1279 252 1344 Et
264 1283 318 1345 soli
333 1283 452 1347 domino
466 1284 540 1348 serre
555 1285 662 1348 tributa
677 1286 793 1368 potest!
1091 1289 1136 1352 70
1214 1357 1218 1362 ,

167 1373 238 1440 Non
253 1379 405 1441 hominum
419 1382 557 1463 strepitus
572 1381 662 1458 audit,
677 1402 736 1442 non
751 1381 799 1444 illa
819 1395 964 1444 rotarum:

161 1559 168 1564 .
189 1472 280 1556 s-Non
295 1496 312 1536 a
326 1475 423 1538 vieini
435 1478 639 1559 pulverulenta
655 1476 702 1539 viri
716 1491 771 1540 est.

163 1569 224 1633 llle
238 1592 302 1647 suo,
318 1590 500 1656 quecunque
514 1573 674 1650 tulit,dure
690 1573 766 1636 done
780 1573 896 1650 colono,

211 1665 254 1730 Et
268 1669 370 1750 plenos
385 1667 493 1732 fruetus
508 1671 698 1732 adnumerare
714 1683 820 1752 potest.

169 1764 214 1827 At
227 1763 298 1827 mihi
312 1778 440 1828 maturos
450 1759 603 1850 'nunquam
618 1766 688 1828 licet
702 1765 790 1828 edere
800 1765 912 1842 ,foerusr
1095 1768 1137 1830 75

213 1859 293 1922 Ante
308 1861 448 1944 diemque
462 1882 535 1924 meae
552 1862 738 1929 decutiuntur
755 1883 839 1945 opes.
1171 1853 1177 1868 ⁸

168 1952 296 2020 nmina
309 1957 403 2019 mollis
418 1957 515 2020 adhuc
530 1971 631 2020 tenero
645 1958 716 2020 dum
729 1958 816 2035 laete,
832 1957 1060 2043 quodintrdesr
1068 1979 1077 2036 ς
1147 1981 1149 1985 ·

213 2051 279 2116 Nec
293 2054 371 2116 mala
386 2067 454 2117 sunt
467 2054 518 2116 ulli
528 2067 631 2117 nostre
645 2054 741 2117 sutura
755 2055 850 2117 bono:

169 2148 241 2211 dam
255 2162 354 2212 temen
369 2150 511 2226 invenias,
528 2151 578 2232 qui
592 2171 641 2212 me
651 2149 827 2232 jaculentur,
842 2163 874 2234 et
887 2150 948 2211 ictu
1061 2204 1065 2208 .

214 2244 415 2308 Praesesrineto
429 2266 536 2308 munus
544 2246 638 2308 inane
653 2257 767 2328 petant.
1096 2245 1140 2310 80

172 2341 206 2406 Si
220 2342 270 2404 fiat
284 2348 372 2425 rapti,
386 2342 436 2404 fiet
450 2361 585 2406 mensura
598 2341 701 2418 relicti,

169 2521 174 2526 ,.
209 2437 362 2523 ›Majorem
376 2437 486 2501 domini
499 2451 593 2521 porte,
608 2438 710 2516 vietor,
725 2437 825 2501 hebes.

173 2535 259 2618 Saepe
274 2534 387 2618 aliquis,
399 2534 476 2598 soliis
490 2549 523 2598 ut
537 2535 616 2597 nuda
629 2536 783 2598 cacumine
795 2535 881 2613 vidit,

217 2631 292 2694 Esse
309 2645 393 2715 putet
407 2631 513 2694 Boreae
528 2631 608 2694 triste
622 2630 742 2694 furentis
756 2651 842 2714 opus.

175 2727 306 2792 AEstibus
320 2728 379 2804 hio,
393 2729 441 2790 hie
455 2747 504 2789 me
519 2727 672 2810 spoliatam
686 2726 789 2808 frigore
803 2727 913 2792 credit:
1099 2727 1142 2791 85

221 2821 276 2886 Est
292 2844 419 2907 quoque,
434 2823 484 2906 qui
497 2822 608 2888 crimen
621 2823 767 2903 grandinis
781 2842 845 2884 esse
861 2835 955 2904 putet.

176 2922 220 2984 At
234 2920 305 2982 mihi
319 2939 375 2981 neo
390 2918 510 2999 grando,
525 2917 602 2979 duris
617 2917 709 2980 invisa
722 2918 844 2994 eoionis,

219 3017 285 3081 Neo
301 3029 405 3078 ventus
418 3013 524 3090 fraudi,
539 3014 632 3090 solve,
648 3014 754 3094 geluve
769 3013 833 3076 suit.

177 3113 304 3178 Fructus
318 3112 418 3174 obest:
441 3110 591 3194 peperisse
605 3122 709 3172 nocet:
732 3123 819 3174 uocet
834 3131 898 3172 esse
913 3109 1056 3174 feracem:

219 3210 356 3292 Quaeque
371 3207 425 3270 suit
439 3207 548 3284 multis,
563 3207 678 3269 etmihi
693 3207 790 3290 preda
803 3208 882 3270 malo
898 3221 952 3272 est.
1101 3211 1143 3272 90

178 3305 282 3370 Praedu
295 3293 383 3382 malo,
398 3302 559 3388 Polydoro,
575 3302 629 3367 suit
642 3304 711 3392 tibi:
733 3304 832 3388 preda
845 3305 977 3370 nefande

212 3401 363 3485 =Conjugis
379 3401 509 3480 Aonium
524 3401 600 3464 misit
615 3401 644 3464 in
658 3422 738 3466 erma
753 3402 858 3466 virum.

88 3523 93 3532 ·
180 3497 317 3580 Hesperii
332 3499 409 3579 regis
424 3499 554 3582 pomeria
568 3511 631 3562 tuta
645 3497 782 3562 fuissent:

16 3638 24 3861 Ι
115 3827 119 3841 ,

222 3593 293 3658 Une
306 3594 358 3656 sed
373 3594 528 3658 immensas
543 3596 628 3659 orbor
642 3595 767 3659 habebat
782 3616 865 3680 opes.
