2608 4218
558 371 665 424 arana
680 369 738 425 xv.
808 405 809 410 a
1080 355 1140 424 nte

174 518 256 588 oum
269 519 388 588 «lunone
402 521 505 605 magis.
549 522 633 596 Quid
648 543 726 584 nuno
735 521 858 603 ,antiqua
872 518 1008 582 recordor

174 615 295 684 Damna
307 621 367 684 mci
381 620 516 702 generis?
537 620 624 682 timor
638 619 687 680 hic
701 617 868 680 meminisse
883 617 1011 700 priorum

174 715 243 780 Nou
257 717 336 780 sinit.
380 715 415 780 In
428 738 480 779 me
495 717 730 779 acuisceleratos
744 715 861 779 cernitis
875 733 986 790 enses:
1021 733 1031 752 r
1062 759 1063 762 η
1118 729 1121 736 ’

174 811 261 887 Quos
275 815 440 898 prohibete,
455 835 576 897 precor3
598 812 768 895 facinusque
782 811 931 894 repellite:
954 827 1030 877 neve
1078 803 1141 888 230

156 909 265 974 ·Caede
280 911 438 974 sacerdotis
453 910 586 973 flammas
601 909 779 991 exstinguite
796 907 927 972 Vestes*
966 903 968 906 ’
1125 901 1127 904 ’

214 1007 302 1070 Talia
314 1009 511 1091 nequicquam
525 1010 593 1069 toto·
603 1004 707 1068 Venus
722 1005 810 1068 anxia
823 1005 910 1068 coelo.

174 1097 272 1166 Verba
291 1103 374 1188 jacit,
388 1123 568 1186 superosque
584 1117 696 1166 movet.
740 1100 805 1174 Qui
820 1121 957 1184 rumpere
973 1119 1140 1184 quanquam

171 1198 283 1262 Ferrea
296 1223 355 1264 non
370 1214 493 1284 possunt
508 1213 641 1262 veterum
656 1200 780 1286 decreta,
790 1199 941 1286 Sororum,
1183 1255 1188 1264 .

172 1295 262 1379 Signa
275 1311 375 1359 tamen
388 1297 484 1360 luctirs
499 1296 570 1359 dant
583 1297 663 1358 haud
678 1296 787 1358 incerta
801 1295 899 1359 futuri.
1078 1295 1142 1358 235
1156 1372 1162 1382 ..

213 1393 306 1456 Arme
321 1393 417 1456 serunt
430 1392 506 1455 inter
519 1392 614 1474 nigras
628 1393 800 1475 crepitantia
813 1393 918 1469 nubes,
1169 1397 1174 1408 '

171 1487 390 1574 Tenibilesque
404 1490 500 1566 tubae,
514 1489 671 1573 auditaque
686 1509 795 1566 cornua
809 1489 888 1550 coelo
1056 1565 1059 1574 Ι

171 1581 385 1650 Praemonuisse
399 1585 491 1648 nefas.
517 1585 644 1648 ..Phoebt
660 1605 777 1670 quoque
791 1585 879 1648 tristis
894 1587 990 1665 imago

171 1682 285 1745 Lurida
297 1683 426 1746 sollicitis
439 1682 590 1766 prebebat
603 1680 715 1743 lumine
729 1680 821 1743 terris.

171 1779 258 1863 Saepe
273 1777 353 1842 laces
368 1779 436 1841 vise
451 1778 553 1842 mediis
567 1777 669 1840 ardere
685 1777 740 1850 sub
754 1777 854 1848 astris:
1080 1777 1143 1839 240

171 1875 258 1959 Saepe
273 1877 349 1938 inter
361 1875 477 1938 nrmbo's
493 1887 581 1957 guttae
595 1873 730 1936 cecidere
747 1887 886 1949 cruente.

171 1969 305 2037 Caerulus
319 1985 350 2034 et
365 1971 484 2034 vultum
494 1970 640 2052 ferrugine
655 1967 776 2033 Lucifer
788 1970 852 2032 atri

171 2069 295 2154 Sparsus
310 2083 388 2132 erat:
411 2068 504 2152 sparsi
518 2067 652 2132 Lunares
666 2067 808 2150 sanguine
821 2087 933 2130 currus.

170 2165 279 2230 Tristia
293 2167 373 2229 mille
386 2166 458 2229 locis
473 2165 594 2248 Stygius
608 2165 691 2228 dedit
704 2165 803 2227 omine
817 2165 913 2228 bubo:

173 2259 256 2328 Mille
271 2264 342 2326 locis
352 2261 525 2345 lacrymavit
535 2262 625 2323 ebur:
647 2273 810 2344 cantusque
821 2260 952 2324 seruntur
1080 2261 1142 2324 ete

170 2360 285 2436 Auditi,
300 2359 406 2422 sanctis
420 2371 453 2420 et
464 2357 554 2420 verba
567 2357 695 2420 minucie
705 2358 790 2420 lucis.

175 2455 301 2520 Victima
315 2455 395 2517 nulla
407 2455 489 2516 litat:
512 2475 693 2539 magnosque
708 2455 814 2521 instare
829 2455 971 2518 tumultus

170 2549 260 2616 Fibra
274 2565 392 2628 monet3
413 2571 581 2636 caesurnque
595 2566 686 2638 caput
697 2553 843 2636 reperitur
856 2553 886 2614 in
901 2553 988 2619 extis.

170 2648 264 2733 lnque
279 2648 352 2726 l'oro,
366 2650 535 2732 circumque
551 2650 665 2726 dornos,
680 2663 711 2712 et
725 2651 836 2734 temple
852 2650 974 2714 deorum
1049 2651 1052 2654 ’
1120 2655 1125 2676 ”

169 2743 338 2808 Nocturnos
351 2745 479 2809 ululdsse
494 2766 601 2822 cancs3
622 2747 798 2830 umbrasque
813 2745 951 2810 silentum
1080 2749 1142 2811 250
1218 2797 1220 2802 ,

170 2843 322 2904 Enavisse
338 2841 443 2918 senint,
457 2855 627 2924 motamque
642 2842 815 2904 tremoribus
829 2843 944 2905 urbem.

170 2937 240 3002 Non
255 2951 354 2999 tamen
369 2937 496 3013 insidias,
511 2950 692 3019 venturaque
708 2937 824 2999 vincere
840 2937 899 3000 sata

169 3033 364 3122 Promonitus
379 3032 502 3116 potuere
517 3033 625 3094 desim:
648 3032 796 3114 strictique
813 3033 944 3096 seruntur

169 3129 204 3194 In
219 3131 364 3214 templum
379 3125 485 3211 gladii:
508 3148 605 3212 nequo
620 3127 699 3190 enim
713 3128 794 3191 locus
808 3128 885 3192 ullus
899 3130 929 3192 in
944 3129 1028 3195 Urbe

169 3228 221 3290 Ad
236 3226 357 3304 lacinus,
374 3226 524 3309 diramque
538 3225 647 3308 placet,
662 3224 716 3286 nisi
731 3222 834 3303 Cun'a,
847 3227 971 3290 cedern.
1078 3224 1141 3292 255

211 3323 293 3385 Turn
309 3323 380 3386 veni
395 3322 548 3416 Cytherea
562 3343 650 3384 manu
667 3323 809 3405 percussit
822 3323 946 3410 utrique

56 3437 59 3446 '
169 3419 297 3483 Pectus:
320 3435 350 3482 et
365 3418 493 3482 ethereis
505 3420 623 3482 molitur
634 3419 761 3482 condere
775 3421 865 3499 nube,
917 3505 918 3510 ἵ

169 3515 244 3588 Quia
257 3516 338 3598 prius
353 3513 457 3578 infesto
472 3513 556 3580 Paris
570 3529 615 3579 est
630 3529 749 3600 ereptus
764 3517 886 3594 Atride,
935 3555 938 3562 ·

470 3613 537 3674 13*
