2604 4216
146 347 170 416 6
466 361 815 442 mernmonrrrossou

148 509 293 594 Quasque
307 510 519 588 recondiderat,
534 511 703 598 Stygiisque
718 514 887 584 admoverat
901 516 1020 596 umbris,

10 597 13 648 l
97 607 335 674 &Effodiuntur
348 631 430 694 opes,
445 609 623 672 irritamenta
636 599 790 680 malorum.
874 669 876 674 .
1055 612 1116 678 140

145 706 273 792 Jamque
288 728 398 769 nocens
413 707 530 783 ferrum,
545 706 679 790 ferroque
695 709 845 770 nocentius
860 731 963 772 nurum

145 803 319 868 Prodierant
329 827 338 866 ε,
359 805 454 888 prodit
468 805 589 880 bellum,
605 791 683 888 quod
698 820 809 889 pugnat
823 801 966 890 utroque;

146 901 372 986 Sanguineaique
388 923 476 964 manu
491 903 663 984 crepitantia
678 903 809 970 concutit
823 922 912 965 amia.

146 997 264 1063 Vivitur
278 1021 317 1061 ex
331 1012 431 1082 rapto:
455 1020 514 1060 non
529 999 636 1082 hospes
650 999 688 1061 ab
702 1001 817 1084 hospite
833 1013 922 1077 tutus,

145 1095 215 1160 Non
229 1119 313 1160 socer
328 1119 346 1159 a
360 1117 486 1178 genero:
509 1095 628 1161 fratrum
643 1119 761 1181 quoque
775 1098 867 1182 gratia
882 1120 945 1161 rara
959 1112 1015 1160 est.
1055 1101 1114 1162 145

145 1194 282 1258 Imminet
296 1195 388 1258 exitio
403 1195 445 1256 vir
459 1194 602 1279 conjugis,
617 1195 665 1258 illa
676 1196 794 1258 maritis
836 1232 838 1238 ·

143 1291 255 1356 Lurida
270 1293 409 1354 terribiles
424 1292 549 1354 miscent
564 1293 678 1354 aconita
692 1311 842 1356 novercae:

145 1387 237 1451 Filius
252 1404 319 1452 ante
335 1390 537 1473 diempatrios
551 1390 670 1472 inquirit
683 1390 712 1451 in
727 1411 829 1452 annosr

149 1485 234 1549 Victa
244 1487 325 1571 jacet
338 1487 456 1549 Pietas:
480 1486 605 1568 ‹et-virgo
619 1487 699 1557 cede
715 1488 878 1563 madentes,
921 1568 925 1576 Ι

144 1581 256 1647 Ultima
271 1585 436 1662 coelestrim,
451 1598 541 1646 terras
556 1573 670 1648 Astrea
684 1585 810 1668 reliquit.
1054 1589 1114 1650 150

186 1679 273 1744 Neve
289 1682 362 1744 soret
379 1683 459 1744 terris
475 1683 603 1746 securior
617 1683 723 1747 arduus
739 1683 845 1759 aether;

143 1777 310 1843 Affectisse
326 1779 421 1841 serunt
436 1801 558 1861 regnum
572 1781 694 1842 sceleste
710 1779 869 1862 Gigantas:

143 1873 273 1960 Altaque
288 1889 443 1957 congestos
458 1876 598 1937 struxisse
612 1877 649 1936 ad
663 1874 758 1938 sidera
775 1891 901 1939 montes,

143 1971 225 2034 Tum
240 1986 323 2055 pater
337 1973 522 2055 omnipotens
537 1973 625 2035 misso
639 1971 777 2056 perfregit
791 1973 957 2058 Olympum

143 2067 293 2145 Fulmina,
308 2083 338 2131 et
353 2070 483 2132 excussit
498 2069 631 2154 subjecto
646 2070 732 2134 Pelio
746 2071 865 2134 Ossam.
1054 2077 1113 2137 155

143 2165 259 2230 Obruta
272 2169 350 2230 mole
365 2167 502 2230 suricum
517 2166 640 2252 corpora
650 2169 716 2238 dira
722 2169 873 2254 jacerent3

142 2263 298 2328 Perfusam
312 2266 406 2327 multo
420 2279 554 2330 natorum
569 2270 710 2348 sanguine
724 2266 848 2330 Terram
954 2257 957 2262 ¹

143 2359 302 2424 lncaluisse
317 2361 424 2439 ferunt,
438 2364 624 2446 calidumque
640 2364 785 2428 animasse
800 2385 953 2427 cruorem:

118 2528 122 2543 Ἃ
144 2455 196 2536 Et,
210 2482 248 2522 ne
263 2461 342 2522 nulla
357 2460 423 2522 serae
438 2461 532 2542 stirpis
547 2475 738 2524 monumenta
751 2476 913 2548 manerent,
996 2504 1000 2508 .

142 2555 178 2619 In
189 2556 293 2619 faciem
309 2558 429 2620 vertisse
444 2551 608 2626 hominum.
652 2557 712 2620 Sed
727 2571 758 2620 et
774 2559 823 2620 illa
836 2573 987 2642 propago*
1029 2561 1114 2623 2160

143 2651 354 2738 Contemptn'x
364 2655 504 2738 superrim
519 2675 660 2738 seraeque
676 2654 842 2720 avidissima
855 2657 953 2734 cedis,

138 2749 185 2814 ‘Bt
200 2751 328 2815 violenta
341 2751 413 2814 suit:
436 2753 525 2814 scires
540 2773 557 2815 a
572 2753 714 2835 sanguiue
729 2767 823 2818 natos.

382 3005 506 3048 LYGAON
529 3007 564 3048 IN
585 3007 696 3050 LUPUM
716 3005 877 3050 sturme.

496 3098 499 3101 Δ
574 3073 577 3080 ·
707 3076 713 3096 ι

505 3229 507 3236 .
576 3213 596 3228 ,.
618 3171 688 3232 163.

184 3339 263 3413 Quae
279 3351 363 3422 pater
376 3351 408 3400 ut
424 3337 540 3429 summai
554 3335 626 3400 vidit
641 3337 793 3400 Saturnius
808 3357 885 3414 arce,

144 3435 285 3520 ingemit:
309 3449 349 3513 et,
364 3436 442 3498 iacto
456 3435 586 3498 nondum
601 3435 720 3516 vulgata
737 3435 858 3514 recenti,

143 3534 241 3600 Foeda
255 3534 413 3619 Lycaonio
428 3533 556 3597 referens
571 3533 706 3598 convivia
721 3555 838 3611 mensae,
1022 3613 1026 3616 ι
1053 3535 1113 3598 165
