2604 4216
588 386 695 436 urana
710 383 758 438 nr.
871 459 874 466 Ι

74 579 79 594 .
184 533 276 600 Cedit
289 535 477 618 Agenorides
492 536 631 619 paulina:
654 537 806 620 spolioque
820 535 914 600 leonis

182 633 315 716 Sustinet
329 634 462 710 incursus
474 655 482 710 3
505 635 702 718 instantiaque
715 657 766 698 ora
780 634 907 697 retardat

182 729 318 814 Cuspide
333 729 487 814 pratentis.
531 731 618 794 Furit
632 733 691 810 iile,
705 731 847 797 et-inani'a
861 731 934 794 duro

183 826 317 892 Vulnera
331 829 490 896 datiano:
513 829 678 914 fiangitque
693 830 721 892 in
737 829 872 893 acumine
886 827 1001 912 dentes.

180 924 310 1010 Jamque
326 926 496 1000 venenifero
509 928 627 1010 sanguis
641 945 760 991 manare
779 927 878 1011 palato
1017 946 1020 948 ·

181 1019 346 1105 Coeperet;
368 1036 399 1086 et
415 1023 518 1086 virides
533 1025 706 1108 adspergine
721 1025 849 1088 tinxerat
864 1023 985 1088 herbast
1020 1051 1023 1056 ·

180 1119 243 1182 Sed
255 1122 325 1184 'leve
340 1122 446 1184 vuhrus
461 1135 540 1184 erat:
564 1123 633 1206 quia
647 1143 679 1185 se
693 1122 860 1206 retrahebat
875 1122 912 1186 ab
927 1121 1006 1198 ictu;
1103 1145 1105 1152 ¹

179 1217 326 1302 Laesaque
342 1220 418 1282 colle
432 1220 521 1283 dabat
534 1221 629 1298 retro3
652 1221 829 1304 plagamque
843 1220 946 1284 sedere
974 1261 976 1265 f
1114 1217 1157 1284 65

178 1311 328 1379 Cedendo
338 1319 545 1396 -aroebat,ncc
557 1318 672 1401 longius
686 1319 729 1382 ire
743 1319 873 1382 sinebat:
954 1357 956 1360 -

179 1411 288 1482 Donec
303 1414 488 1497 Agenorides
502 1415 673 1501 conjectum
685 1417 715 1479 in
730 1429 852 1498 gutture·
862 1415 971 1481 serrum

178 1505 284 1594 Usque
300 1531 427 1596 sequens
442 1513 557 1596 pressit,
572 1513 642 1576 dum
657 1527 735 1576 retro
750 1533 874 1597 quercus
889 1513 971 1575 eunu'

107 1656 112 1666 .
178 1607 319 1686 Obstitit3
342 1624 373 1673 et
386 1611 447 1673 {ixa
461 1625 506 1674 est
520 1612 628 1695 pariter
641 1633 710 1674 cum
724 1613 827 1674 robore
842 1611 955 1674 cervix.

178 1705 319 1768 Pondere
332 1709 672 1790 serpentis-currataest
686 1709 780 1785 urbm,
796 1721 827 1770 et
841 1709 905 1771 une
1113 1711 1155 1772 70

178 1803 268 1866 Parte
283 1805 429 1886 flagellari·
439 1805 552 1888 gemuit
566 1827 620 1868 sua
633 1806 737 1886 robora
750 1805 863 1868 caude.

219 1901 304 1964 Dum
318 1904 446 1986 epatium
462 1904 638 1968 victoruicti
653 1903 817 1966 considerat
832 1903 940 1981 hostis3

179 1997 250 2060 Vox
265 2000 362 2062 subito
377 2001 475 2064 audita
490 2013 552 2064 est:
573 2001 690 2088 (neque
706 2015 768 2066 erat
782 2021 961 2084 cognoscere
975 2014 1146 2086 promptum
1175 2021 1177 2024 ·

176 2095 285 2174 Unde.;
307 2099 360 2161 sed
374 2099 475 2162 audita
489 2098 557 2185 est)
566 2107 575 2136 ⁴
585 2097 680 2178 Quid,
697 2100 836 2182 Agenore
851 2113 931 2178 nate,
946 2113 1134 2184 peremptum
1250 2175 1253 2190 ³

177 2193 514 2278 Serpentemspectasi
530 2210 561 2258 et
575 2209 607 2258 tu
621 2197 794 2279 spectabere
810 2197 952 2280 serpens.'
1111 2199 1153 2261 '15

176 2289 232 2352 Ille
247 2291 572 2376 diutpavidusppariter
585 2314 654 2358 cum
670 2307 770 2356 mente
782 2295 915 2356 colorem

176 2387 366 2467 Perdiderat;
389 2391 546 2474 gelidoque
560 2412 651 2454 come
667 2403 778 2454 terrore
791 2391 935 2482 rigebant.

218 2485 301 2549 Ecce
317 2488 369 2550 viri
384 2465 503 2566 sautiix,
518 2511 639 2572 superas
654 2489 776 2572 delapsa
789 2509 844 2573 per
858 2509 952 2566 auras,
971 2571 974 2579 Ι

175 2581 274 2646 Pallas
289 2585 391 2648 adest:
415 2601 561 2671 motaeque
572 2587 658 2672 jubet
673 2608 840 2671 supponere
855 2602 937 2650 terrae

176 2679 322 2765 Vipereos
338 2683 452 2761 dentes,
468 2685 572 2768 populi
584 2686 766 2748 incrementa
781 2681 879 2747 futuri.
1108 2685 1151 2748 80

174 2773 281 2843 Paret:
305 2794 336 2843 et
350 2795 384 2844 ut
399 2803 500 2864 presso
514 2783 629 2844 sulcum
645 2773 785 2865 patefecit
799 2795 905 2858 aratro,
957 2803 958 2806 ¹

173 2875 293 2959 Spargit
307 2877 389 2942 humi
400 2878 507 2963 jussos,
523 2881 654 2942 mortalia
669 2879 792 2955 semina,
808 2879 922 2941 dentes.
942 2907 944 2912 s

174 2971 248 3036 Inde
267 2973 342 3060 (fide
355 2973 463 3059 majus)
481 2975 572 3055 gleba
587 2975 709 3058 coepere
724 2975 851 3052 moveri:

159 3069 334 3154 'Primaque
351 3072 389 3140 de
403 3071 492 3132 sulcis
507 3071 584 3133 acies
599 3072 734 3154 apparuit
749 3072 849 3136 haste.

173 3165 321 3250 Tegmina
335 3189 408 3230 mox
421 3168 552 3251 capitum
566 3169 647 3252 picto
661 3170 794 3241 nutantia
807 3191 901 3234 cono:
1106 3174 1154 3236 85'

174 3263 252 3326 Mox
267 3265 382 3331 humeri
397 3277 571 3350 pectusque,
587 3281 766 3352 onerataque
779 3268 899 3332 brachia
912 3269 978 3332 telis
1143 3277 1146 3282 ’

174 3359 346 3425 Exsistunt:
368 3364 532 3446 crescitque
548 3383 633 3447 seges
647 3366 788 3449 clypeata
802 3367 940 3430 virorum.

173 3457 235 3536 Sic,
250 3461 299 3523 ubi
314 3463 454 3526 tolluntur
468 3460 547 3527 sestis
563 3465 654 3528 aulaea
668 3465 799 3562 theatris,

426 3561 448 3622 4
