2608 4218
549 389 656 444 LIBER
680 387 753 441 xtit.
784 407 786 418 >
849 377 852 384 ⁴

170 539 314 620 latravit,
328 555 434 605 conata
447 541 538 626 loqui.
583 541 686 604 Locus
699 533 806 619 exstet,
816 553 851 604 xet
866 556 952 603 exre

171 635 289 702 Nomen
306 640 412 702 hebet:
435 651 628 724 veterumque
643 639 693 701 diu
708 649 825 702 memor
836 639 884 700 illa
899 637 1052 714 maiorum,

169 734 252 798 Tum
267 736 551 821 quoqueSithouios
564 736 686 800 ululavit
700 748 807 798 moesta
821 754 983 818 per-agros.
1126 791 1144 827 ¹.

170 830 252 894 lilius
265 830 420 917 Troasque
435 853 513 910 suos,
528 834 687 916 hostesque
703 831 855 914 Pelasgos,
972 885 975 890 ,
1053 831 1144 896 ·565

170 926 251 991 Illius
266 928 380 992 fortuna
395 930 466 992 deos
483 951 600 1014 quoque
616 943 747 994 moverat
761 951 882 994 omnes:
1135 951 1139 961 ·

171 1023 221 1088 Sic
234 1047 349 1103 omnes,
362 1041 395 1088 ut
410 1043 441 1090 et
455 1028 518 1110 ipsa
531 1026 615 1089 Jovis
629 1026 800 1111 conjuxque
813 1047 952 1110 semique

172 1121 305 1186 Eventus
320 1121 477 1197 Hecubam
490 1126 639 1186 meruisse·
647 1125 799 1207 negaverit
813 1125 887 1187 illos.

335 1327 500 1370 nunonis
524 1327 662 1372 vissus
686 1329 720 1370 IN
742 1329 821 1370 ΗΕΒ
844 1329 978 1370 sturm.

596 1499 626 1539 v.
644 1480 716 1541 576.

199 1606 283 1672 *Non
292 1623 383 1672 ‚vacet
398 1609 530 1688 Aurorae,
545 1631 713 1693 quanquam
727 1609 821 1672 isdem
837 1609 949 1672 faverat
962 1609 1059 1686 anuis,
1132 1613 1138 1647 ¹

128 1715 133 1722 “
170 1694 325 1783 Cladibus,
340 1719 371 1768 et
385 1727 454 1768 casu
470 1705 628 1792 Trujaeque
644 1705 836 1790 Hecubaeque
851 1705 974 1773 moveri.
1081 1702 1144 1770 570

169 1801 253 1866 Cura
268 1802 354 1866 deam
371 1803 667 1888 propior,rluctusque
683 1803 859 1866 domesticus
872 1803 954 1886 angit
1136 1799 1140 1809 '

170 1899 342 1963 Memnonis
357 1901 463 1977 amissi,
480 1900 617 1984 Phrygiis
633 1921 721 1985 quem
737 1899 816 1964 lutea
830 1901 943 1986 campis

171 1995 253 2061 Vidit
263 1999 408 2084 'Achillea
422 2013 595 2082 pereuntem
610 1997 732 2082 cuspide
747 2012 851 2062 mater.

172 2093 273 2172 Vidit3
295 2110 325 2158 et
339 2095 388 2160 ille
402 2097 492 2173 color,
506 2117 566 2180 quo
583 2096 725 2160 matutina
739 2097 898 2159 rubescunt

170 2189 331 2276 Tempore,
348 2193 506 2276 palluerat:
530 2194 672 2277 latuitque
687 2194 716 2256 in
732 2194 858 2255 nubibus
872 2195 973 2256 ether.
1080 2192 1144 2258 57⁸

213 2290 331 2354 Arnon
344 2290 495 2373 impositos
510 2291 656 2373 supremis
670 2290 782 2372 ignibus
797 2305 875 2352 artus

171 2386 314 2452 Sustinuit
328 2400 462 2471 spectare
478 2409 599 2470 pareus:
622 2388 674 2448 sed
689 2387 769 2450 crine
783 2386 889 2463 soluto,

171 2483 256 2549 Sicut
270 2501 343 2564 erat,
360 2486 457 2568 magni
471 2486 596 2567 genibus
609 2485 801 2568 procumbere
816 2506 874 2547 non
890 2497 935 2547 est
1013 2511 1015 2516 ¹
1046 2521 1049 2526 ·
1084 2471 1090 2480 ’

171 2581 339 2666 Dedignata
353 2583 447 2660 Jovis,
463 2584 658 2667 lacrymisque
674 2583 726 2647 has
740 2582 973 2674 adderevuces:

172 2677 336 2743 ‘Omnibus
350 2679 477 2758 inferior,
492 2702 564 2765 quas
578 2681 701 2759 sustinet
715 2701 821 2742 aureus
836 2681 936 2758 ether,
1081 2681 1145 2746 590

172 2778 266 2864 (Nam
281 2780 352 2842 mihi
367 2793 434 2840 sunt
449 2792 541 2840 totum
556 2778 699 2842 rarissima
715 2778 826 2860 templa
840 2800 894 2860 per
908 2777 1026 2862 orbem)

170 2875 251 2938 Diva
265 2889 363 2938 tamen
380 2875 484 2937 venio:
507 2896 565 2938 non
581 2888 612 2937 ut
627 2874 759 2950 delubra,
775 2875 896 2958 diesque
921 2927 923 2932 .
1016 2912 1018 2920 ,

169 2971 235 3034 Des
250 2953 322 3037 mihi
336 2972 490 3046 sacrificos,
504 2971 698 3053 caliturasque
713 2971 828 3051 ignibus
842 2993 915 3033 aras.

170 3069 203 3133 Si
218 3085 317 3132 tamen
333 3069 487 3152 adspicias,
503 3068 644 3151 quantum
660 3067 712 3128 tibi
726 3066 847 3130 soemina
861 3079 1023 3152 praestem,-

169 3167 251 3230 Tum
266 3169 335 3232 crim
350 3167 417 3230 luce
432 3167 511 3229 novit
524 3166 618 3228 noctis
632 3165 756 3229 confinia
771 3187 867 3244 servo,
1080 3169 1144 3233 585

173 3265 295 3328 Praemia
310 3265 406 3328 danda
421 3277 518 3348 putes.
563 3261 624 3324 Sed
640 3281 698 3325 non
713 3284 748 3326 ea
761 3260 851 3341 'cura;
873 3287 970 3350 neque
985 3265 1033 3330 hic
1048 3279 1096 3339 est

170 3363 260 3426 Nunc
274 3377 367 3426 status
383 3363 514 3437 Aurora,
529 3361 648 3424 meritos
662 3375 696 3423 ut
712 3376 813 3444 poscat
822 3361 964 3426 bonores.

171 3458 341 3526 Memnonis
355 3462 425 3524 orba
439 3460 498 3522 mei
514 3458 617 3523 venio:
642 3460 691 3543 qui
705 3458 791 3522 sortia
806 3459 911 3524 flustra

172 3556 233 3620 Pro
248 3573 352 3642 patruo
365 3558 430 3620 tulit
445 3580 525 3622 arma
539 3580 611 3635 suo;
633 3560 792 3643 primisque
808 3558 863 3620 sub
877 3559 960 3618 annis

430 3659 480 3718 12·
