2604 4216
180 395 223 458 46
269 437 271 442 .
424 365 428 373 ¹
501 381 849 450 musmonsuoanou

180 549 225 612 Ut
241 547 333 636 jacuit
348 549 507 666 resupinus
517 540 611 627 humi,
625 563 711 612 eruor
725 550 832 617 ernicat
847 550 916 627 alth,
1109 555 1154 615 50

181 645 251 708 Non
266 644 364 724 aliter,
374 647 463 730 quim
477 646 548 709 edm
563 646 663 712 vitiato
677 647 779 711 fistula
788 647 961 730 plumbo
1099 640 1101 642 ¹

179 743 337 821 Scinditur,
353 757 383 806 et
397 758 511 807 tenues
515 743 655 806 stridente
672 742 811 810 [orandae
826 744 913 826 longis
1019 777 1020 784 ι

181 839 352 924 Ejaculatur
366 829 474 925 aquas3
496 855 587 924 atque
599 841 744 903 ictibus
714 845 784 904 ae‘ra
798 841 916 924 rumpit

181 937 306 1000 Arborei
320 936 408 1002 foetus
423 938 595 1022 adspergine
609 938 720 1000 oaedis'
712 958 742 1000 ιιι
754 945 850 1001 atram
925 957 927 964 ’
1009 945 1011 952 ’

182 1033 346 1098 Vertuntur
359 1036 482 1100 saniem:
505 1034 728 1119 madefactaque
743 1035 882 1118 sauguine
897 1035 982 1140 radix
1032 1057 1061 1074 ··
1109 1035 1153 1098 55

147 1131 359 1196 vPruniceo
338 1134 444 1214 tinguit
459 1133 617 1216 pendentia
630 1153 712 1194 mora
725 1133 847 1194 colore.-
906 1143 909 1146 '
1134 1141 1138 1148 '

224 1228 318 1307 Ecce,
332 1243 415 1296 metu
429 1230 560 1295 nondum
575 1230 680 1313 posito,
695 1251 734 1291 ne
749 1229 829 1292 sallat
843 1241 1001 1309 amantem,

181 1325 236 1388 llla
250 1326 372 1389 redit:
359 1334 560 1412 juvenemque
576 1327 679 1403 oculis,
694 1327 853 1410 animoque
865 1327 1000 1411 requirit:
1054 1333 1071 1354 ”
1087 1331 1089 1334 ’

182 1422 362 1507 Quantaque
378 1424 475 1487 vitarit
489 1445 604 1496 narrare
615 1424 749 1508 ,pericula
764 1423 872 1506 gestit

181 1518 284 1604 thue
299 1521 408 1599 locum,
423 1535 454 1584 et
469 1543 585 1584 versam
598 1521 740 1604 cognovit¹
750 1521 780 1583 in
794 1521 897 1584 arbore
912 1517 1053 1600 sormam,
1070 1597 1071 1600 Ἴ
1110 1523 1154 1584 60

101 1630 103 1634 ’
183 1616 249 1703 (Sic
263 1618 332 1680 facit
345 1619 486 1682 incertam
502 1619 582 1703 pomi
595 1617 691 1704 color)
708 1619 808 1695 haret,
824 1639 861 1680 an
875 1619 939 1681 haeo
951 1619 998 1681 sit.

181 1715 265 1777 Dum
280 1717 402 1793 dubitat,
417 1717 610 1780 tremebunda
624 1717 704 1779 videt
719 1715 835 1800 pulsare
849 1729 1015 1780 omentum*
1033 1740 1036 1743 ·
1130 1737 1135 1742 ·

181 1810 319 1875 Membra
332 1814 438 1890 solum,
452 1827 588 1896 retroque
602 1813 711 1896 pedem
726 1803 808 1875 tulit:
831 1833 940 1896 oraque
954 1813 1036 1878 buxo
1129 1801 1133 1806 ’

181 1907 338 1970 Pallidiora
352 1930 468 1990 garena,
484 1909 644 1984 exhorruit,
660 1910 781 1991 equoris
797 1911 896 1986 instar,

181 2002 274 2076 Quod
288 2005 401 2081 tremit,
412 2005 521 2087 exigui
535 2005 603 2068 οὺιιι
617 2025 765 2067 summum
779 2006 927 2088 stringitur
941 2005 1022 2068 auri.
1108 2007 1153 2072 65
1229 2077 1232 2092 ,

182 2100 242 2163 Sed
257 2114 413 2185 postquam
427 2115 570 2164 remorata
584 2121 652 2184 sues
666 2103 804 2184 cognovit
818 2123 932 2170 arnores
940 2124 950 2180 ;

173 2196 314 2261 ‘Percutit
328 2198 461 2282 indignos
476 2199 555 2262 claro
571 2200 710 2285 plangore
725 2201 865 2266 lacertos:

176 2294 222 2368 ,Et
236 2295 466 2373 laniataoomas,
482 2297 679 2382 amplexaque
694 2305 800 2381 corpus
816 2295 956 2376 amatum,

182 2390 315 2455 Vulnera
328 2394 477 2476 supplevit
490 2395 638 2476 lacrymis,
653 2395 814 2480 fletumque
829 2396 925 2457 cruori

181 2485 319 2554 Miscuit:
342 2504 372 2552 et
386 2489 488 2577 gelidis
501 2490 677 2552 insultibus
692 2494 792 2555 oscula
805 2493 909 2574 figens,
978 2519 980 2524 ·
1108 2479 1152 2557 ‘lo

182 2585 350 2668 ‘Pyrame,'
365 2586 513 2663 clamavit,
529 2588 611 2669 ‘quis
625 2600 656 2650 te
670 2589 742 2650 mihi
756 2611 840 2651 casus
852 2588 983 2653 ademit?

180 2683 320 2764 Pyrame,
334 2681 490 2765 responde.
534 2682 605 2746 Tua
618 2697 658 2763 te,
672 2685 830 2766 carissime,
844 2685 959 2750 Thisbe

119 2795 125 2800 “
180 2777 338 2841 Nominat:
361 2779 480 2855 exaudi,
496 2780 652 2864 vultusque
668 2783 768 2845 attolle
780 2783 935 2870 jacentes!

182 2875 230 2938 Ad
245 2896 353 2938 nomen
368 2875 495 2939 Thisbes
511 2879 622 2957 oeulos,
633 2879 696 2963 jam
711 2895 804 2943 morte
820 2895 965 2962 gravatos,
991 2897 992 2900 ’

180 2971 326 3054 Pyramus
341 2975 445 3052 erexit,
461 2975 581 3060 visuique
596 2975 758 3042 recondidit
772 2979 832 3044 int.
948 2989 987 3003 ‘⁵
1050 2993 1057 3004 ⁶
1107 2983 1150 3044 75

181 3067 258 3140 Qua
273 3084 429 3154 postquam
444 3087 617 3158 vestemque
630 3097 713 3138 suam
728 3077 876 3158 cognovit,
892 3092 922 3140 et
937 3099 1008 3140 ense

182 3160 265 3227 Vidit
279 3167 352 3228 ebur
366 3167 511 3244 vacuum3
534 3169 620 3233 ‘Tua
634 3187 663 3234 te
678 3174 802 3249 manus,'
817 3174 920 3256 inquit,
936 3181 1093 3258 ‘amorque

180 3261 323 3340 Perdidit,
337 3262 450 3326 infelix.
480 3263 551 3327 ‘Est
566 3280 595 3328 et
610 3269 681 3330 mihi
696 3269 775 3331 sortis
790 3270 820 3330 in
836 3290 927 3331 uuum

180 3357 249 3422 Hoc
263 3381 383 3423 manus:
406 3363 451 3422 est
465 3374 495 3424 et
510 3381 607 3424 amor:
631 3365 710 3427 dabit
724 3365 772 3428 hic
786 3365 816 3428 in
832 3367 954 3430 vulnera
968 3368 1056 3432 vires.
1122 3394 1124 3398 ’

180 3455 346 3540 Persequar
359 3458 554 3522 exstinctum:
576 3459 686 3544 letique
701 3461 863 3524 miserrima
876 3463 957 3526 dicar
1015 3468 1019 3477 ”
1107 3469 1150 3532 80

182 3553 292 3632 causa,
306 3576 466 3641 comesque
481 3556 540 3620 tui:
564 3557 672 3643 quique
687 3571 704 3620 a
718 3559 875 3624 memorte
889 3561 992 3626 revelli
