2608 4218
544 385 652 438 urana
671 385 744 440 nrt-1.
778 383 782 460 ᾗ
1071 385 1134 452 129

182 531 316 602 -Liuore
331 532 475 612 Threicio
488 537 613 616 classem
629 536 763 620 religi'rat
778 523 908 612 Anides,

161 631 244 696 Dum
257 655 338 697 mare
352 635 502 719 pacatum,
518 635 588 710 dum
604 649 708 698 ventus
719 635 837 698 amicior
848 629 939 696 'essee
956 659 963 694 κ
1009 652 1012 655 ’
1067 635 1133 700 435

160 730 221 795 Hic
235 732 341 809 subito,
358 747 494 816 quantae,
509 733 578 794 olam
597 733 720 809 viveret,
735 753 799 793 esse
814 732 936 810 solebat,
1132 737 1134 742 ‘

160 827 339 904 Exithumo
352 827 412 892 late
427 830 525 914 rupta,
537 829 701 913 similisque
715 829 832 906 minaci,
846 879 852 893 ff

156 925 318 1009 Temporis
332 927 409 990 illius
424 928 538 1017 vultum
552 919 702 998 reserabat,
713 925 856 1004 Achilles,

54 1083 59 1090 .
158 1022 234 1098 Quo
249 1023 326 1087 lorus
340 1025 447 1110 injusto
462 1025 546 1108 petiit
560 1024 788 1108 Agamemnona
803 1024 889 1086 serro.

158 1127 170 1158 ‘
178 1120 505 1206 lrnmemoresquemei
519 1121 688 1200 disceditis:
703 1121 807 1205 inquit,
824 1122 973 1186 <Achiua
1068 1125 1132 1188 440

159 1217 333 1304 Obmtaque
348 1234 392 1282 est
406 1218 524 1283 mecum
537 1220 651 1282 virtutis
665 1214 757 1302 gratia
771 1221 896 1282 nostre?

159 1313 190 1378 N
192 1338 210 1378 e
223 1315 328 1382 tacite:
351 1331 443 1402 utque
458 1339 557 1380 meum
573 1339 633 1380 non
647 1317 684 1380 sit
698 1318 761 1380 sine
777 1317 887 1380 lmuore
902 1309 1081 1402 Sepulcrum,

151 1413 266 1478 :Placet
281 1414 434 1477 Achilleos
450 1429 577 1496 mactata
592 1414 750 1497 Polyxena
765 1414 889 1476 manes!

80 1585 81 1590 η
204 1510 307 1574 Dixit:
331 1525 373 1589 et,
387 1512 490 1574 immiti
505 1512 590 1574 sociis
605 1512 774 1596 parentibus
788 1511 910 1589 umbrae,

107 1614 109 1620 ’
160 1607 264 1694 Rapta
277 1608 341 1670 sinu
356 1609 466 1685 matris,
482 1631 570 1698 quarn
581 1609 643 1694 jam
658 1608 751 1692 prop'e
767 1609 829 1670 sola
844 1606 972 1684 fovebat,
1070 1608 1133 1692 445

158 1702 271 1781 Fortis,
286 1719 316 1767 et
331 1705 443 1782 infelix,
458 1721 490 1768 et
503 1706 659 1790 plusquam
674 1705 805 1780 furmina,
820 1705 902 1786 virgo

159 1802 290 1864 Ducitur
304 1803 341 1866 ad
356 1804 512 1882 tumulum,
527 1803 649 1888 diroque
663 1803 695 1866 fit
710 1802 804 1864 hostia
818 1802 913 1862 busto.

159 1899 240 1972 Quae
256 1918 371 1962 mernor
384 1901 448 1984 ipsa
462 1901 517 1978 sui,
535 1915 690 1986 postquam
705 1899 872 1963 crudelibus
887 1897 947 1960 aris‘

159 1995 292 2060 Admota
308 2011 370 2076 est;
392 1999 541 2083 sensitque
556 1998 610 2062 sibi
623 1997 686 2060 lara
700 2016 782 2060 sacra
796 1997 909 2080 parari;
1134 2077 1135 2080 Ἴ

159 2093 264 2178 thue
280 2091 512 2179 Neoptolemum
526 2109 663 2172 stantem,
676 2093 847 2180 farumque
862 2106 1025 2172 tenentem,
1069 2095 1135 2157 450

160 2191 256 2276 Inque
270 2213 325 2257 suo
339 2193 410 2254 vidit
424 2194 564 2275 figentem
577 2187 689 2257 lucrina
704 2193 807 2267 vulru;

161 2287 276 2359 ‘Utere
286 2287 461 2373 jamdudum
477 2305 621 2371 generoso
632 2287 797 2372 ‘sanguiness
814 2286 906 2350 dixit:
982 2322 986 2332 ·

161 2386 273 2450 ‘Nulla
287 2407 369 2448 mora
383 2400 438 2448 est.
483 2387 526 2451 At
541 2401 572 2449 tu
583 2385 698 2471 jugulo,
714 2385 762 2448 vel
777 2397 908 2468 pectore,
924 2381 1016 2446 telum

161 2483 270 2546 Conde
284 2507 352 2547 meo
362 2484 380 2546 :’
398 2483 595 2569 jugulumque
611 2485 696 2548 simul
712 2495 878 2574 pectusque
891 2481 1011 2544 retexit.

160 2582 301 2648 ‘Scilicet
316 2596 366 2644 aut
380 2581 431 2644 ulli
446 2583 554 2645 servire
569 2579 728 2665 Polyxena
743 2579 859 2656 serrem,
1071 2578 1136 2640 455

162 2681 226 2742 Aut
240 2680 366 2763 pertale
381 2702 496 2743 sacrum
510 2701 620 2742 numen
636 2675 798 2763 placabitur
812 2677 917 2738 ullum.

163 2777 245 2840 Mors
262 2779 374 2848 tantum
390 2778 497 2839 vellem
514 2791 637 2839 matrem
652 2797 720 2838 mea
734 2773 833 2843 lallare
853 2784 963 2857 posset.

161 2873 263 2940 Mater
277 2877 380 2950 obest3
402 2875 565 2958 minuitque
581 2873 661 2936 necis
676 2872 747 2934 mihi
761 2869 882 2952 gaudia:
907 2867 1050 2952 quamvis,

161 2969 232 3034 Non
248 2993 314 3036 mea
329 2992 407 3034 mors
421 2971 473 3047 illi,
489 2971 591 3034 veriam
602 2991 655 3031 sua
669 2971 729 3031 vita
742 2965 889 3049 gemenda
910 2969 967 3027 est}

162 3068 228 3132 Vos
242 3067 344 3144 modu,
359 3089 397 3130 ne
413 3066 533 3150 Stygios
547 3067 651 3129 adeam
666 3087 725 3128 non
740 3065 832 3128 libera
847 3082 959 3138 manes,
1072 3059 1136 3124 460

162 3165 235 3228 Este
251 3165 372 3248 proc'ul;
394 3165 418 3227 si
428 3163 509 3250 justa
524 3178 611 3248 peto:
635 3177 774 3247 tactuque
791 3159 888 3222 viriles

162 3261 305 3346 Virgineo
319 3277 471 3326 removete
486 3283 608 3324 manus:
632 3261 781 3348 acceptior
794 3259 846 3335 illi,

162 3359 305 3444 Quisquis
320 3361 344 3424 is
359 3375 414 3439 est,
430 3381 518 3445 quem
533 3359 619 3422 caede
633 3358 701 3422 meai
714 3359 831 3442 placare
846 3355 963 3441 paratis,
1022 3423 1025 3434 1

162 3457 255 3520 Liber
268 3459 322 3520 erit
335 3459 468 3542 sanguia
506 3457 539 3521 Si
555 3478 627 3542 quos
642 3471 739 3519 tamen
751 3455 854 3518 ultima
867 3450 958 3516 nostrl

164 3553 244 3618 Vota
259 3571 378 3620 movent
393 3558 469 3633 oris;
491 3556 601 3619 Priami
618 3576 669 3620 vos
684 3554 742 3627 lilia
756 3550 844 3634 regis,
1074 3541 1139 3606 465
