2604 4216
582 372 690 462 ninas
711 407 794 460 ‘vus
834 431 852 484 ·.

185 561 251 638 Qui
264 559 439 646 lacryment,
454 561 577 624 desunt:
600 559 806 670 indedetaeque
824 570 967 639 vagantur

185 657 329 724 Natarum
343 666 536 742 matrumque
542 655 658 734 anime,
669 655 871 742 juvenumque
890 672 1071 738 senumque:
1152 649 1155 657 ’

77 822 80 830 ,
183 754 252 819 Nec
266 757 370 819 locus
363 779 392 820 ιιι
407 757 579 832 tumidos,
559 775 616 816 nec
629 755 737 818 sufficit
751 753 856 816 arbor
847 776 878 815 ιιι
892 752 1016 855 ignes..

228 854 380 920 Attonitus
396 867 477 916 tanto
491 852 662 914 miserarum
676 851 791 914 turbine
806 871 913 926 rerum,

184 951 333 1035 “Jupiter
347 951 398 1029 d,²’
416 951 511 1026 dixi,
504 948 560 1012 “si
575 957 633 1011 non
648 948 741 1046 pudet
756 969 821 1010 esse
837 961 1007 1030 parentem;
1089 948 1158 1010 ms
1235 994 1239 1002 ,

184 1049 249 1110 Aut
262 1049 334 1112 mihi
348 1048 440 1110 redde
454 1051 547 1124 meos,
561 1059 612 1109 aut
626 1065 676 1108 me
690 1055 810 1132 quoque
822 1044 918 1114 conde
933 1065 988 1128 sep

183 1145 239 1220 Ille
254 1161 353 1210 notam
368 1145 479 1228 fulgore
495 1133 586 1221 dedit,
601 1143 768 1227 tonitruque
783 1143 925 1204 secundo
989 1159 995 1163 ·
1100 1157 1102 1162 ’

148 1242 152 1249 .
183 1250 205 1279 ιι
214 1243 351 1325 Accipio,
366 1244 482 1327 sintque
497 1243 552 1305 iste
566 1263 671 1326 precor
685 1240 780 1308 felicia
793 1240 901 1308 mentis
1006 1277 1010 1282 -

182 1339 276 1420 Signa
289 1339 376 1416 tuae‚'’
393 1341 471 1403 dixi:
495 1347 515 1377 “
525 1340 604 1424 quod
618 1339 671 1424 das
686 1338 768 1414 mihi,
782 1333 928 1420 pigneror,
942 1335 1072 1400 ι)ιιιιιιι”1
1160 1357 1162 1364 ⁴

227 1436 318 1499 Forte
333 1436 387 1499 suit
397 1437 485 1522 juxta
499 1437 605 1521 patulis
619 1437 764 1500 rarissima
777 1423 875 1512 rame,
1093 1437 1157 1500 210

181 1533 275 1596 sacra
288 1533 367 1611 Jovi,
384 1542 507 1617 quercus
522 1535 560 1620 de
575 1534 687 1597 semine
702 1533 868 1600 Dodonaeo.

181 1629 245 1692 Hic
259 1653 314 1693 nos
327 1631 481 1713 frugilegas
496 1630 686 1720 adspeximus
700 1629 815 1710 agm'me
829 1629 918 1708 longo

180 1727 305 1790 Grande
320 1749 393 1791 onus
409 1728 517 1810 exiguo
532 1725 680 1788 formicas
680 1745 731 1788 ore
746 1738 893 1806 gerentes,
963 1752 966 1759 ¹

181 1823 368 1909 Rugosoque
383 1841 468 1908 suum
483 1837 634 1887 servantes
644 1822 757 1886 cortice
771 1821 887 1884 callem.

181 1919 266 1983 Dum
281 1942 437 1985 numerum
451 1922 549 1998 miror,
565 1928 585 1956 “
594 1915 745 1996 Totidem,
760 1932 845 2002 pater
859 1917 1003 2003 optime,''
1019 1891 1091 1998 dixi,
1137 1977 1139 1983 ι

182 2015 262 2079 ‘Tu
278 2019 350 2080 mihi
365 2017 444 2081 da
411 2033 513 2081 cr.ves
538 2031 568 2080 et
583 2017 680 2081 inania
694 2017 804 2079 moenia
818 2015 953 2099 reple.''
1092 2019 1154 2082 216

183 2107 356 2192 Intremuit,
361 2116 505 2199 ramisque
520 2135 624 2177 sonum
640 2114 703 2176 sine
717 2113 835 2176 flamine
850 2114 937 2176 motis

120 2259 122 2264 -
182 2213 254 2274 Alta
268 2211 350 2275 dedit
363 2233 499 2296 quercus.
542 2201 659 2274 Pavido
672 2210 892 2280 mihi-membra
906 2211 1009 2272 timore
1089 2201 1091 2206 ¹

154 2361 160 2372 ,
183 2307 374 2386 Hormerant,
388 2309 561 2390 stabantque
576 2329 679 2372 comae.
723 2305 842 2368 Tamen
857 2306 956 2368 oscula
969 2321 1062 2384 terre,

92 2395 109 2434 ⁸
183 2405 408 2491 Roboribusque
423 2405 509 2468 dedi:
526 2426 583 2468 nec
598 2400 646 2469 me
659 2417 778 2487 'sperare
794 2403 907 2466 fatebar
914 2425 922 2480 ;
1092 2407 1156 2469 220
1241 2437 1245 2442 ·

182 2503 343 2587 Sperabam
359 2517 457 2566 tamen
467 2513 479 2565 τ’
498 2516 586 2586 atque
602 2502 700 2564 animo
714 2521 782 2564 mea
796 2515 866 2563 vota
880 2501 1026 2566 fovebam.

224 2600 295 2664 Nox
309 2595 402 2664 subit:
425 2614 456 2663 et
469 2600 546 2662 curis
561 2599 693 2662 exercita
706 2619 829 2682 corpora
844 2618 964 2664 somnus
1040 2638 1042 2642 ψ

180 2697 329 2781 Occupat.
374 2697 456 2760 Ante
471 2697 572 2759 oculos
588 2696 694 2758 eadem
708 2697 780 2758 mibi
795 2717 919 2779 quereus
934 2696 1048 2773 adesse,

182 2791 223 2856 Εἰ
237 2815 332 2856 ramos
347 2793 482 2869 totidem,
497 2793 682 2876 totidemque
696 2777 831 2854 animalia
845 2792 946 2862 tennis¹

180 2888 273 2952 Ferre
288 2891 347 2952 suis
362 2892 424 2952 visa
438 2902 502 2966 est;
524 2889 666 2971 parilique
680 2888 848 2950 tremiscere
863 2902 963 2949 motu:
990 2939 992 2942 .
1093 2891 1155 2954 225

181 2985 428 3069 Granisemmque
443 3004 550 3066 agmen
566 2983 704 3067 subjectis
719 3005 857 3066 spargere
872 2985 903 3048 in,
912 2984 997 3047 arvis.
1012 3012 1014 3020 s

181 3081 326 3147 Crescere
342 3083 420 3167 quod
435 3081 543 3160 subitb,
559 3095 589 3143 et
603 3079 698 3164 majus
713 3079 866 3167 majusque
883 3080 985 3159 videri,

181 3182 229 3243 Ac
244 3203 276 3243 se
291 3181 393 3244 tollere
408 3181 510 3257 humo,
525 3193 666 3262 rectoque
681 3177 820 3244 adsistere
835 3192 984 3256 truncos

181 3278 222 3340 Et
237 3279 361 3342 maciem
376 3299 591 3362 numerumque
607 3275 729 3360 pedum,
744 3276 917 3360 nigrumque
932 3277 1062 3340 coinrem
1092 3347 1095 3351 ,
1181 3319 1194 3330 -

181 3375 316 3451 Ponere3
338 3387 368 3437 et
382 3375 540 3438 humanam
555 3375 695 3437 membris
708 3373 848 3437 inducere
863 3373 997 3438 sennam.
1091 3377 1155 3438 230

182 3471 309 3533 Somnu's
324 3472 393 3536 abit.
438 3470 558 3536 Damno
573 3472 696 3553 vigilans
710 3491 777 3534 mea
792 3472 871 3548 visa;
894 3491 1059 3555 querorque

176 3565 216 3636 tn
233 3569 343 3650 superis
357 3569 421 3652 opis
436 3589 500 3632 esse
514 3568 597 3632 nihil.
642 3568 686 3631 At
701 3569 731 3631 in
746 3569 856 3631 aedibus
870 3569 981 3649 ingens

519 3667 541 3726 Θ
