2604 4216
446 351 452 358 ’
500 419 506 422 -
564 397 568 407 t
602 376 768 434 crunni.-

188 536 242 602 Illa
255 524 343 600 etiarn
359 535 488 618 supplex
502 534 586 616 Argo
599 533 670 596 otim
681 532 801 596 brachia
815 530 905 594 uellet
966 571 968 578 ι
992 549 1001 556 ”

188 623 327 698 Tendere
341 656 360 710 ;·
371 655 429 697 non
446 633 557 708 habuit,
573 652 637 716 quae
651 629 914 692 brachiatenderet
929 626 1030 708 Argo:

188 731 365 816 Conatoque
380 731 466 814 queri·
478 730 606 812 mugitus
622 728 713 792 edidit
723 747 795 789 ore:

188 829 403 912 Pertimuitque
418 848 522 890 sonos:
546 825 723 910 propriique
739 825 878 899 exterrita
892 832 1036 886 vocs-est.
1097 823 1161 884 520

232 925 324 988 Venit
339 925 420 988 etad
436 924 523 1015 ripas,
539 924 588 989 ubi
604 923 705 986 ludere
720 943 798 1008 saepo
812 922 934 996 solebat,

188 1022 342 1088 Inachidas
356 1023 450 1106 ripas:
473 1043 608 1106 novaque
624 1035 655 1083 ut
670 1020 824 1102 conspexit
840 1021 868 1082 in
883 1015 964 1079 undd
1048 1036 1053 1038 ·

188 1120 320 1196 Cornua,
336 1119 496 1204 pertimuit,
510 1141 602 1202 seque
612 1132 772 1182 ,externata
783 1115 899 1198 refugit.

188 1217 301 1280 Naides
316 1218 457 1300 ignorant,
474 1219 586 1299 ignorat
601 1230 630 1279 et
645 1215 772 1278 Inachus
787 1215 861 1298 ipsc,

188 1315 267 1388 Quae
281 1317 328 1378 sit.
371 1316 415 1378 At
430 1316 479 1378 illa
493 1329 607 1398 patrem
621 1313 761 1398 sequitur,
776 1313 964 1396 sequiturque
978 1331 1107 1373 sorores:

188 1411 231 1474 Et
246 1415 354 1496 patitur
366 1414 455 1494 tangi,
470 1432 562 1496 seque
578 1411 785 1474 admirantibus
799 1409 895 1472 offert.
1097 1406 1160 1470 526

189 1508 356 1592 Decerptas
370 1511 467 1572 senior
481 1523 652 1593 porrexerat
666 1507 793 1572 Inachus
808 1507 931 1582 herbas:
977 1543 979 1547 ·

187 1603 243 1668 I'lla
257 1612 360 1671 manus
373 1609 486 1684 lambit,
501 1607 659 1690 patriisque
675 1606 725 1667 dat
739 1606 840 1667 dscula
854 1604 976 1687 palnris3

188 1702 255 1766 Nec
269 1705 375 1765 retinet
389 1705 550 1786 lacrymas:
574 1717 614 1779 et,
629 1703 653 1764 si
668 1702 757 1764 modb
773 1703 862 1764 verba
875 1713 1043 1784 sequantur,

188 1799 264 1863 Oret
278 1819 385 1884 opem3
408 1821 575 1885 nomenque
590 1815 687 1875 suunt,
702 1819 844 1882 casusque
859 1799 1003 1882 loquatur.
1098 1799 1161 1862 530

188 1895 303 1960 Littera
317 1898 494 1980 proverbia,
508 1905 663 1981 quampes
678 1897 710 1958 iu
722 1896 948 1980 pidvereducit‚

188 1993 330 2078 Corporis
345 1996 483 2058 indicium
498 1996 602 2058 mutati
618 1995 697 2058 triste
713 1985 837 2078 peregit.
904 1998 906 2001 ’

188 2091 261 2154 ‘Me
271 2093 414 2155 miserum
425 2094 443 2156 l'
466 2094 612 2160 exclamat
627 2091 869 2175 paterlnachus:
892 2086 981 2174 inque
996 2089 1140 2172 gementis

187 2187 345 2267 Cornibus,
360 2204 390 2252 et
404 2191 497 2253 niveae
512 2190 644 2273 pendens
658 2190 774 2252 ceruice
786 2189 934 2272 juvence,

189 2285 261 2348 ‘Me
276 2289 413 2350 miserum
424 2287 442 2349 l’
465 2287 634 2368 ingeminat.
679 2285 787 2347 ‘Tune
801 2305 832 2346 es
849 2286 965 2368 quesita
980 2305 1034 2368 per
1047 2305 1160 2360 omnes,

189 2383 277 2461 Nata,
292 2385 364 2447 mihi
379 2382 490 2450 terras?
512 2383 562 2446 Tu
578 2405 637 2446 non
652 2383 772 2446 inventa
785 2381 905 2466 reperti
1098 2383 1160 2444 536

188 2481 301 2544 Luctus
317 2504 379 2545 eras
394 2483 497 2544 levior.
542 2481 683 2547 Retices:
706 2499 762 2544 nec
776 2494 878 2545 mutua
893 2479 997 2542 uostris

189 2577 280 2642 Dicta
294 2579 403 2644 refers:
426 2581 484 2642 alto
498 2593 612 2642 tanturn
627 2575 757 2663 suspiria'
764 2579 863 2662 prodis

188 2675 332 2740 Pectore:
357 2677 495 2761 quodque
506 2699 597 2738 unum
613 2691 708 2760 potes,
725 2676 762 2738 ad
777 2697 844 2752 mea
859 2676 947 2738 verba
961 2674 1099 2756 remugis.

189 2771 255 2836 Nec
269 2775 350 2836 finire
364 2775 433 2837 licet
447 2789 542 2856 tantos
557 2773 629 2836 mihi
644 2787 738 2836 morte
754 2773 884 2836 dolores:
1099 2773 1162 2834 540

189 2869 249 2934 Sed
265 2886 353 2944 uocet
369 2893 435 2935 esse
448 2872 553 2934 deum:
578 2873 776 2954 praeclusaque
788 2871 878 2955 janua
892 2870 943 2932 leti
1038 2871 1040 2874 ’

188 2967 347 3032 AEternum
362 2982 475 3030 nostros
489 2969 585 3030 luctus
601 2968 735 3029 extendit
749 2969 779 3029 in
794 2967 911 3030 aarum?

188 3065 275 3130 Talia
291 3066 429 3130 moerenti
443 3066 574 3127 stellatus
589 3065 755 3142 submovet,
770 3065 879 3146 Argus,
963 3139 968 3150 ·

190 3163 392 3248 Ereptanrque
408 3163 482 3247 patri
497 3163 612 3226 diversa
627 3162 656 3224 in
667 3183 781 3248 ¹pascua
795 3177 903 3230 natam·
986 3237 988 3242 ¹

191 3261 353 3326 Abstrahit.
398 3260 467 3344 Ipse
483 3261 586 3346 procul
601 3261 707 3322 montis
722 3261 844 3323 ¹sublime
859 3269 1001 3322 cacumen
1099 3259 1161 3322 545

190 3355 343 3442 Occupat:
366 3359 444 3421 unde
460 3361 566 3422 sedens
582 3371 678 3441 partes
692 3358 864 3440 speculetur
875 3358 904 3418 in
919 3375 1033 3417 ornnes.

233 3455 299 3518 Nec
313 3457 452 3539 supersim
467 3467 563 3520 rector
576 3456 654 3518 mala
668 3469 750 3517 tanta
763 3453 947 3516 Phoronidos
962 3452 1039 3516 utut

190 3549 282 3615 Ferre
296 3568 410 3639 potest:
434 3551 594 3636 natumque
611 3565 716 3629 vocat3
738 3571 829 3634 quem
842 3549 944 3612 lucida
955 3562 1040 3630 partu
1081 3583 1082 3590 κ
