2608 4218
602 348 713 402 raam.

213 491 256 558 Hi
268 493 392 559 redeunt
406 495 471 558 udis
484 496 514 559 ira
528 517 582 560 sua
594 509 673 562 tectu
687 499 779 581 genis.

171 591 302 656 Sustinet
315 593 465 676 impositos
479 594 700 662 summissurus
715 595 816 656 alvom
830 592 918 656 undis.

212 687 284 750 Heu
300 703 440 772 quantum
455 689 506 752 sati
520 711 610 774 parva
625 692 735 754 tabella
747 691 848 754 vehit!
1097 695 1140 758 60

170 783 285 848 Alveus
299 785 329 848 in
343 786 413 851 limo
427 787 507 849 silvis
520 788 662 871 appulsus
675 788 787 871 opacis,

212 881 359 944 Paulatim
373 883 465 946 fluvio
481 883 646 961 deficiente,
661 885 756 948 sedet.
922 959 925 965 s

171 975 262 1040 Venit
275 978 313 1040 ad
328 979 478 1062 expositos
495 979 630 1066 (mirum)
646 981 717 1064 lupa
731 979 968 1062 soeta‘gemellos.

211 1071 289 1147 Quis
303 1075 403 1136 credat
416 1076 515 1158 pueris
529 1095 587 1138 non
602 1077 736 1141 nocuisse
751 1076 866 1139 seram?-
950 1127 952 1131 2

170 1167 387 1249 Nounocuisse
402 1192 505 1255 parum
519 1181 584 1234 est:
607 1173 726 1256 prodest
742 1194 878 1258 quoque:
902 1193 976 1259 quos
990 1173 1061 1258 lupa

296 1267 395 1345 nutrit,
1095 1271 1138 1333 (ib

210 1361 344 1426 Prodere
356 1378 490 1445 cognata
505 1364 668 1429 sustinuere
682 1387 796 1428 manus.
823 1376 829 1380 ’

168 1455 320 1536 Constitit,
334 1473 365 1522 et
378 1459 474 1522 caudi
487 1461 595 1522 teneris
609 1461 755 1525 blanditur
769 1463 905 1540 alumnis,

210 1547 252 1619 Et
266 1555 347 1637 fingit
361 1554 462 1638 lingui
474 1577 596 1639 corpora
609 1557 678 1620 bina
690 1558 756 1622 suit.

168 1651 267 1719 Marte
280 1666 359 1716 satos
374 1654 481 1729 scires;
502 1653 589 1716 timor
602 1653 710 1717 abfuit:
734 1655 824 1717 ubera
838 1653 968 1733 ducunt3
1038 1683 1041 1690 ·

145 1772 150 1778 ·
209 1748 277 1812 Nec
291 1748 345 1812 sibi
360 1749 494 1832 promissi
507 1750 590 1812 lactis
605 1751 722 1826 aluntur
735 1771 804 1835 ope.

167 1844 276 1909 Martia
290 1859 336 1908 ter
349 1867 436 1910 senos
451 1846 547 1929 pmlcs
562 1847 730 1910 adoleverat
744 1836 854 1925 annom
919 1903 920 1906 ,

208 1943 250 2006 Et
263 1943 381 2007 suberat
394 1943 478 2006 flava
489 1942 551 2028 jam
566 1965 644 2014 nova
658 1945 747 2009 barba
759 1967 862 2009 coma.

149 2097 151 2103 .
167 2039 313 2104 Omnibus
328 2041 460 2123 agricolis
474 2039 730 2124 armentorumque
745 2041 888 2125 magistris

207 2137 307 2200 lliadae
323 2135 423 2200 iratres
433 2137 500 2222 jura
514 2139 606 2220 petita
620 2139 739 2202 dabant.

166 2233 254 2318 Saepe
268 2234 389 2296 domum
404 2234 524 2296 veniunt
538 2235 710 2318 praedonum
722 2237 863 2318 sanguiue
878 2237 955 2316 leti3

207 2329 250 2394 Et
260 2330 399 2412 redigunt
413 2343 495 2393 actos
508 2330 537 2392 in
552 2352 607 2394 sua
619 2351 685 2394 rura
698 2331 801 2394 boves.

166 2427 210 2491 Ut
223 2449 316 2510 genus
331 2428 495 2505 andierunt,
510 2428 623 2491 animos
637 2441 722 2511 pater
736 2429 831 2492 editus
846 2444 954 2512 auget;

207 2532 245 2589 Et
259 2526 353 2608 pudet
367 2526 397 2588 in
412 2525 513 2608 paucis
527 2547 636 2589 nomen
652 2526 759 2590 habere
773 2527 859 2590 casis.
954 2514 957 2521 ⁸
1050 2521 1052 2526 ¹

166 2620 374 2708 Romuleoque
388 2622 467 2685 cadit
482 2619 619 2707 trajectus
633 2622 770 2688 Amulius
785 2644 875 2702 ense;

209 2717 375 2804 Regnaque
389 2720 522 2800 longevo
536 2721 726 2783 restituuntur
739 2743 806 2784 avo.
880 2759 881 2764 κ

164 2814 234 2880 dam
248 2817 342 2878 luerat
356 2835 460 2898 poenas
474 2809 561 2879 ffater
575 2815 748 2894 Numitoris,
762 2832 794 2880 et
806 2839 894 2882 omne

208 2912 364 2974 Pastorum
375 2912 497 2992 gemino
511 2913 566 2975 sub
580 2913 656 2975 duce
671 2914 776 2995 vulgus
790 2927 862 2976 erat.

165 3010 351 3074 Contrabere
367 3021 506 3090 agrestes,
521 3022 552 3070 et
566 3008 675 3072 moenia
689 3030 800 3092 ponere
813 3011 931 3094 utrique
981 3049 987 3060 ·

206 3105 368 3170 Convenit.
411 3105 581 3186 Ambigitur
595 3107 703 3169 moenia
718 3121 808 3190 ponat
821 3121 896 3171 uter.
959 3170 963 3178 ,

166 3203 235 3268 ‘Nil
250 3225 325 3287 opus
340 3203 407 3280 est,'
422 3203 507 3280 dixit,
523 3204 721 3282 ‘certamina’
737 3203 895 3282 Romulus,
910 3205 1002 3270 ‘ullo.
1092 3211 1134 3274 8⁶

207 3301 319 3384 Magna
331 3301 405 3364 fides
420 3300 517 3362 avium
533 3315 594 3363 est:
618 3302 806 3384 experiamur
820 3303 912 3366 aves!

167 3387 231 3460 Res
246 3399 352 3480 placet.
395 3396 483 3460 Alter
495 3397 549 3461 init
564 3400 707 3462 nemorosi
720 3421 793 3464 saxa
806 3399 922 3465 Palati:
993 3398 996 3404 ’

209 3495 296 3557 Alter
309 3495 492 3558 Aventinum
506 3495 593 3558 mane
606 3515 749 3559 cacumen
765 3497 835 3560 adit.

466 3593 533 3654 15*
