2608 4218
137 353 199 418 182
537 355 690 410 smsrm.

134 509 293 572 Successor
306 508 360 572 suit
373 509 420 572 bic
436 509 498 586 tibi,
514 508 620 586 Galle3
642 492 813 590 Propertius
827 505 879 570 illi.

177 606 309 680 Quartus
323 605 361 670 ab
375 608 420 670 his
435 606 510 668 serie
525 606 665 690 temporis
680 595 743 689 ipse
758 605 810 692 lui.

134 702 236 788 thue
252 725 309 787 ego
322 703 459 790 majores,
474 703 516 766 sic
531 725 581 766 me
594 703 714 766 noluere
728 703 872 771 minores:
953 755 958 760 .
1046 691 1048 697 ⁴

176 799 315 885 Notaque
329 822 389 864 non
404 800 487 863 tarde
503 799 580 862 sacta
594 799 705 865 Thalia
719 819 787 872 mea
801 812 856 861 est.

134 896 277 962 Carmina
291 900 360 965 clun
376 887 504 982 piimbm
519 898 631 980 populo
641 895 784 981 juvenilia
798 896 876 980 legi;

175 994 275 1058 Barba
289 1010 403 1058 resecta
418 995 490 1058 mihi
505 994 587 1058 bisve
602 994 734 1057 semelve
751 992 815 1056 fuit.

134 1091 272 1156 Moverat
286 1092 446 1176 ingenium,
462 1105 553 1155 totam
569 1104 686 1154 cantata
701 1112 756 1174 per
769 1089 896 1168 Urbem,

175 1188 304 1266 Nomine
319 1212 379 1252 non
394 1211 464 1252 vero
477 1189 558 1252 dicta
572 1187 704 1252 Corinna
725 1187 808 1250 mihi.

133 1286 230 1350 Multa
245 1287 365 1372 quidem
380 1287 499 1370 scripsi:
523 1286 577 1350 sed
591 1307 655 1370 que
671 1284 777 1348 vitiosa
790 1284 903 1370 putavi,

176 1383 385 1448 Emendaturis
399 1385 514 1470 ignibus
529 1384 592 1468 ipse
608 1383 690 1446 dedi.
725 1445 734 1462 ,
898 1449 901 1454 ,

133 1481 215 1546 Turn
230 1484 360 1570 quoqbe,
374 1483 445 1546 clam
460 1481 603 1564 sugerem,
619 1481 752 1566 quaedam
768 1479 911 1564 placitura
924 1479 1065 1555 cremavi,

176 1579 270 1645 Iratus
285 1581 382 1644 studio
396 1580 637 1664 carminibusque
651 1579 738 1641 meis.

133 1676 243 1757 Molle,
255 1679 431 1764 Cupidineis
445 1698 502 1742 nec
516 1677 745 1761 inexpugnabile
759 1675 824 1741 telis

174 1775 240 1841 Cor
252 1777 335 1854 mihi,
351 1777 489 1862 quodque
504 1776 577 1838 levis
591 1795 683 1838 causa
695 1786 841 1850 moveret,
854 1786 927 1835 erat.

133 1873 215 1938 cum
229 1888 330 1936 tamen
338 1875 402 1936 ¹hoe
418 1895 527 1950 essem,
542 1871 724 1954 minimoque
740 1869 940 1934 accenderer
932 1868 1012 1952 rgni3

175 1969 305 2034 Nomine
320 1971 374 2034 sub
388 1984 487 2032 nostro
502 1969 600 2032 sabula
614 1968 694 2029 nulla
709 1965 773 2030 firit.

133 2067 218 2132 Pane
235 2069 307 2131 mihi
324 2089 418 2153 puero
430 2089 487 2130 nee
503 2066 600 2149 digna,
615 2085 672 2128 nee
686 2065 775 2142 utilis,
789 2085 866 2127 uxor

175 2165 231 2230 Est
247 2167 331 2230 data:
356 2189 420 2250 quae
435 2180 553 2279 tempus
568 2164 712 2248 perbreve
728 2175 821 2274 nuptu
835 2161 943 2234 fuit
1069 2166 1114 2226 70

133 2265 180 2328 Illi
194 2266 346 2343 suecessit,
363 2265 497 2349 quarrrvis
511 2263 574 2327 sine
589 2261 722 2339 crimine,
735 2259 867 2346 eonjux;

176 2361 246 2426 Non
260 2377 361 2426 tamen
376 2385 405 2425 ιιι
421 2376 520 2425 nostro
534 2361 617 2423 firma
631 2360 728 2422 lutura
742 2372 819 2421 toro

97 2479 105 2496 “
133 2460 258 2538 Ultima,
273 2483 337 2544 quae
352 2481 471 2523 meeum
486 2479 566 2522 seros
579 2457 739 2541 permansit
753 2457 783 2520 in
797 2477 901 2534 uanos,

117 2585 138 2618 u
176 2556 320 2619 Sustinuit
334 2553 445 2638 conjux
460 2553 570 2615 exsulis
585 2571 651 2614 esse
668 2550 731 2640 viri.

88 2691 91 2704 ·
133 2652 209 2716 Filia
224 2674 274 2715 me
288 2673 357 2714 mea
369 2651 416 2714 bis
428 2649 524 2733 primia
538 2648 677 2712 foeeunda
687 2648 827 2733 juveritis,

63 2741 73 2788 ss
176 2749 238 2813 Sed
253 2772 311 2813 non
328 2769 367 2812 ex
381 2770 442 2810 uno
456 2747 595 2832 conjuge,
611 2745 680 2808 lecit
695 2767 795 2808 avum.

134 2847 198 2912 Et·
186 2870 250 2934 Jam
263 2847 428 2932 complerat
443 2846 557 2930 genitor
571 2865 624 2908 sua
639 2842 715 2907 sata·
708 2863 906 2928 ,novemque

25 2934 29 2943 ¹
178 2947 341 3010 Addiderat
356 2946 452 3010 lustris
467 2945 559 3007 altera
572 2944 664 3006 lustra
677 2963 799 3006 novem.

134 3043 204 3108 Non
219 3045 303 3108 aliter
317 3043 398 3122 flevi,
414 3065 505 3129 quam
519 3064 568 3106 me
585 3031 707 3105 fleturus
723 3040 898 3130 ademptum

177 3141 232 3204 llle
246 3141 311 3205 suit.
355 3140 447 3222 Matri
462 3141 596 3225 proxima
607 3139 688 3224 justa
703 3139 767 3202 tuli.
998 3163 1002 3170 ¹
1070 3137 1116 3200 80

135 3240 254 3323 Feliees
268 3240 356 3302 ambo
359 3251 498 3329 ,tempas
499 3238 621 3328 tiveque
636 3237 755 3324 sepulti,
828 3285 831 3292 ι

178 3329 258 3401 Ante
275 3337 353 3400 diem
369 3357 464 3420 poenae
480 3333 559 3421 qudd
576 3335 731 3418 periere
704 3333 797 3396 meae!

136 3436 191 3501 Me
205 3455 329 3524 quoque
336 3433 467 3512 felicem,
483 3432 580 3517 qudd
577 3453 636 3494 non
651 3407 820 3495 viventibus
834 3431 890 3493 illis

178 3533 252 3598 Sum
266 3533 372 3611 miser3
394 3545 425 3594 et
439 3531 477 3593 de
491 3552 540 3593 me
556 3528 636 3614 qudd
652 3528 773 3592 doluere
788 3527 878 3592 nihil!
