2608 4218
166 395 226 456 106
299 405 306 448 ζ
474 399 821 452 METAMORPHOSEON

164 548 290 612 Pectore
305 550 334 612 in
349 569 435 626 anna,
442 547 507 626 feri,
522 562 723 632 pratentaque
736 548 795 612 tela
809 550 928 625 leonem
1025 583 1029 590 ·
1074 543 1080 580 ³

164 645 277 708 Sicubi
292 668 324 708 se
340 647 435 709 ventis
450 646 606 708 admiserat
616 639 828 722 uuda'coorti's,

164 741 230 804 Ibat
244 743 274 804 in
288 764 369 804 anna
381 744 468 819 ratis3
481 743 643 825 multbque
658 757 720 804 erat
734 743 817 804 altior
831 741 897 804 iilis.
968 780 970 788 ι

164 837 291 921 Jamque
305 839 404 901 labant
417 839 514 915 cunei,
529 839 709 922 spoliataque¹
723 839 852 920 tegmine
866 845 940 902 cera

164 932 255 996 Rima
269 948 351 1019 patet
360 957 368 1010 ;
390 936 562 1018 praebetque
578 935 654 996 viam
670 935 803 997 letalibus
817 935 912 998 undis.
1006 957 1011 962 ·
1097 923 1101 930 ’

117 1033 123 1048 “
165 1028 247 1092 Ecce
261 1032 370 1094 cadunt
383 1031 454 1113 largi
468 1032 601 1094 resolutis
615 1031 740 1093 nubibus
755 1031 881 1098 imbres:

164 1125 258 1210 Inque
273 1127 378 1191 fretum
392 1125 495 1190 credas
508 1141 602 1192 toturn
617 1127 795 1191 descendere
808 1128 935 1202 coelumr

165 1221 259 1305 Inque
274 1225 375 1306 plagas
389 1225 457 1287 coeli
471 1223 662 1287 tumefactum
677 1223 855 1286 adscendere
870 1238 1003 1306 pontum.

166 1315 243 1380 Vela
257 1321 375 1382 madent
390 1320 512 1397 nimbis3
534 1335 564 1383 et
577 1342 647 1382 cum
658 1321 829 1382 caelestibus
844 1319 928 1382 undis

164 1413 320 1498 AEquoreae
336 1417 493 1479 miscentur
507 1438 600 1501 aqua.
645 1416 737 1480 Caret
752 1417 865 1498 ignibus
879 1405 988 1493 lether-3

165 1511 313 1596 Caecaque
327 1533 388 1574 nox
401 1514 542 1596 premitur
555 1513 682 1576 tenebris
697 1513 860 1596 hiemisque
874 1513 1002 1596 suisque.
1038 1544 1041 1550 ¹

166 1607 335 1673 Discutiunt
344 1623 449 1672 'tamen
462 1611 525 1686 has,
540 1610 728 1693 praebentque
742 1609 879 1672 micantia
892 1610 993 1672 lumen
1062 1655 1064 1660 .
1121 1673 1135 1682 ,,

165 1702 319 1768 Fulmina:
343 1705 486 1768 fulmineis
501 1701 655 1792 ardescunt
668 1706 782 1787 ignibus
794 1705 891 1769 unde.
946 1727 950 1734 ’

165 1799 227 1862 Dat
242 1823 358 1884 quoque
368 1801 431 1885 jam
445 1803 534 1882 saltus
549 1803 805 1882 intracavatexta
818 1802 921 1880 carine

164 1885 305 1959 Fluctus:
327 1910 368 1978 et,
383 1911 416 1958 ut
430 1898 524 1980 miles,
539 1917 661 1958 numero
675 1897 959 1986 prestantioromni,

165 1990 244 2053 Cum
259 2013 337 2083 sape
353 1991 469 2086 adsiluit
484 1990 770 2082 defensaelmoenibus
784 1992 874 2068 urbis,

165 2087 225 2169 Spe
243 2087 351 2172 potitur
363 2087 501 2176 tandem3
522 2087 674 2170 laudisque
689 2107 830 2173 accensus
844 2108 945 2150 amore

164 2181 243 2246 Inter
256 2184 336 2260 mille
353 2184 439 2264 viros,
453 2202 569 2262 mqrurn
583 2197 682 2246 tamen
688 2196 831 2268 ‚occupat
837 2165 929 2246 uirus:

164 2279 214 2341 Sic
228 2281 278 2342 ubi
294 2279 445 2362 pulsriruut
458 2280 644 2352 acresllatera
656 2279 748 2364 ardua
757 2279 891 2362 fluctum

165 2375 284 2438 Vastiirs
299 2377 450 2458 insurgens
465 2376 584 2462 decime
599 2376 656 2448 ruit
669 2377 795 2459 impetus
809 2376 912 2440 unda:

163 2471 230 2535 Nec
245 2473 328 2555 priris
338 2473 447 2534 absistit
457 2470 750 2556 ¹fessamoppugnare
764 2473 904 2549 carinam,

164 2567 265 2640 Quam
283 2568 362 2641 velut
376 2567 512 2647 incapte
527 2565 808 2638 descendatmoenia
820 2569 917 2631 navis.

163 2663 236 2726 Pars
252 2663 336 2744 igitur
350 2661 591 2742 tentabatadhuc
607 2661 744 2732 invadere
756 2663 879 2745 pinum3
1069 2667 1130 2728 170

163 2759 236 2821 Pars
252 2757 337 2834 meris
351 2757 428 2819 intus
442 2771 514 2818 erat.
558 2756 721 2842 Trepidant
736 2759 813 2821 baud
829 2760 946 2842 segnibs
955 2753 1072 2840 'omnes

162 2855 266 2929 Qubm
281 2854 354 2922 solet
369 2854 447 2930 urbs,
463 2853 525 2916 aliis
539 2875 655 2916 murum
669 2853 845 2918 fodientibus
860 2859 954 2935 extri,

164 2953 264 3034 Atque
279 2952 341 3014 aliis
355 2973 487 3039 murum,
497 2951 653 3034 trepidare,
667 2954 833 3015 tenentibus
848 2954 935 3016 intus.
976 3011 980 3020 .

164 3048 273 3111 Deficit
288 3069 350 3112 ars:
374 3048 520 3133 animique
534 3048 660 3111 cadunt:
683 3049 865 3135 totidemque
881 3051 1024 3127 videntur,

164 3144 249 3217 Quot
263 3145 383 3206 veniant
396 3145 513 3222 fluctus,
528 3165 612 3207 ruere
628 3159 716 3229 atque
730 3147 890 3229 irrumpere
905 3160 1023 3208 mortes.
1070 3149 1129 3209 175

164 3239 232 3302 Non
247 3255 328 3303 tenet
343 3241 391 3302 hic
405 3241 567 3322 lacrymas:
590 3255 690 3324 stupet·
703 3243 768 3304 hic:
792 3256 877 3304 vocat
892 3243 940 3304 ille
954 3243 1067 3320 beatos,

163 3336 282 3401 Funera
298 3357 370 3421 quos
386 3348 541 3398 maneant:
565 3337 613 3398 hic
629 3337 702 3398 votis
717 3358 826 3398 numen
842 3338 959 3400 adorat:

163 3433 349 3518 Brachiaque
364 3432 401 3495 ad
415 3433 536 3507 coelum,
551 3433 629 3515 quod
646 3453 704 3493 non
720 3433 811 3510 videt,
825 3433 902 3494 irrita
917 3435 1023 3498 tollens

163 3531 265 3596 Poscit
279 3551 383 3616 opem:
407 3529 534 3591 subeunt
548 3529 588 3591 illi
603 3527 762 3612 fratresque
777 3534 960 3618 parensque;
