2608 4218
164 397 226 464 156
557 409 749 462 nenorens.

161 555 226 620 lrus
241 575 341 636 egens,
356 553 530 640 pecorisque
545 552 728 618 Melanthius
743 567 823 616 ector
836 553 955 646 edendi,

204 651 335 715 Ultimus
350 641 495 714 accedunt
509 651 537 713 iu
554 666 605 714 tua
619 651 725 714 damna
742 651 845 734 pudor.

161 749 239 812 Tres
253 769 353 810 sumus
368 747 502 818 imbelles
516 769 639 810 numero
653 769 661 824 3
681 748 744 810 sine
759 748 866 810 viribus
880 768 967 823 uxor,
1044 773 1052 788 ’

204 845 388 928 Ladrtesque
404 865 507 920 senex,
522 843 781 928 Telemachusque
796 865 880 927 puer.

161 940 216 1005 llle
231 964 285 1026 per
299 941 416 1004 insidias
431 942 508 1025 pen'e
524 955 569 1003 est
583 943 655 1006 mihi
669 963 764 1025 nuper
778 942 931 1026 ademptus
944 963 953 1018 3

204 1037 287 1103 Dum
304 1052 405 1130 parat,
411 1039 506 1101 invitis
521 1039 690 1116 omnibus,
682 1061 724 1102 rre
739 1039 849 1122 Pylon.

161 1135 206 1200 Di
227 1159 332 1240 precor
346 1105 405 1199 hoc'
411 1135 548 1220 jubeant,
563 1149 607 1212 ut,
623 1136 760 1198 euntibus
774 1135 876 1198 ordine
890 1135 967 1216 satis,

204 1215 287 1297 Ille
274 1255 357 1332 meps
372 1233 473 1315 oculos
487 1233 673 1318 comprimat,
688 1232 737 1294 ille
751 1246 856 1295 mos..

162 1328 231 1396 Hoc
247 1311 357 1394 faciubt
370 1321 529 1414 custosque
544 1331 647 1413 boum,
661 1330 853 1428 loqgaevaque
867 1330 986 1394 nutrix:
1003 1329 1005 1334 ’

204 1409 335 1510 Tertiris,
349 1428 506 1492 immundae
520 1447 592 1490 cura
604 1427 698 1490 fidelis
705 1401 801 1490 hare.

163 1527 224 1589 Sed
240 1547 345 1614 neque
353 1525 489 1606 Laertes,
504 1539 537 1588 ut
537 1525 602 1616 qui
616 1524 653 1586 sit
641 1504 777 1619 inutilis
791 1524 889 1600 annis,

205 1622 372 1688 Hostibus
364 1646 394 1686 m
409 1622 512 1686 mediis
527 1643 617 1704 regna
629 1605 731 1684 tenere
746 1593 913 1688 velet.
1076 1623 1137 1684 1oe

161 1693 364 1805 Telemacho
364 1720 462 1783 veniet
481 1719 577 1814 (vivet
591 1691 696 1804 modo)
714 1717 813 1781 fortior
827 1730 912 1780 etus:

108 1849 117 1858 -
205 1797 294 1880 Nunc
310 1832 373 1880 erat
386 1818 502 1880 auxiliis
516 1800 566 1878 illa
579 1815 688 1880 tuende
703 1816 803 1900 patris

163 1911 229 1975 Nec
243 1914 315 1975 rnibi
330 1927 398 1975 sunt
412 1913 488 1974 vires
503 1913 634 1975 inimicos
638 1913 760 1994 pellere
775 1913 871 1974 tectis.=

204 2007 254 2070 Tu
270 2009 355 2072 citibs
369 2007 480 2086 venias,
495 2021 597 2094 portus
612 2020 643 2069 et
657 2027 707 2070 em
720 2009 787 2083 tuis.

128 2100 132 2106 ’
162 2105 220 2168 Est
234 2106 295 2182 tibi,
311 2107 417 2189 sitque,
433 2125 547 2188 precor,
562 2118 659 2181 netus,
675 2104 726 2189 qui
738 2103 876 2194 mollibus
888 2105 973 2190 nonis
1075 2106 1136 2169 105

204 2201 239 2265 ln
256 2204 362 2296 patriqs
376 2216 453 2266 artes
468 2187 646 2296 erudiendus
661 2215 735 2288 erut.

70 2299 75 2303 ’
162 2297 294 2385 Respice
309 2301 457 2364 Laerten:
481 2314 514 2362 ut
525 2299 587 2385 jam
601 2321 655 2361 sue
669 2298 780 2362 lumina
794 2298 915 2363 condas.

205 2397 383 2462 Extremum
399 2397 449 2460 sati
463 2398 587 2459 sustinet
600 2395 649 2458 ille
664 2396 754 2458 diem.

163 2493 255 2559 Certe
271 2517 337 2578 ego,
353 2515 417 2579 quae
432 2493 555 2570 sueram,
571 2507 601 2556 te
616 2492 797 2568 discedente,
813 2491 922 2575 puelle,

205 2591 343 2656 Protinus
357 2604 390 2654 ut
404 2592 517 2666 redens,
533 2589 610 2652 sacta
623 2589 746 2652 videbor
760 2610 843 2652 onus.
1075 2591 1135 2653 110

489 2810 710 2876 EplsroLA
733 2809 805 2874 VII.

542 2981 624 3025 DlDO
646 2981 757 3022 mn.

162 3093 242 3172 SIC,
257 3093 381 3179 ubilata
396 3108 513 3171 vocant,
528 3094 593 3156 udis
608 3093 740 3178 abjectus
755 3093 784 3156 in
800 3091 907 3170 herbis,

205 3191 255 3252 Ad
271 3189 346 3254 vada
360 3189 647 3276 Maeandriconcinit
662 3191 744 3252 albus
761 3190 834 3268 olor.

162 3285 240 3364 Nec,
256 3289 324 3372 quia
338 3301 367 3349 te
382 3287 481 3349 nostri
495 3308 612 3372 sperem
627 3308 716 3372 prece
731 3307 818 3370 posse
833 3288 956 3372 moveri,

205 3385 365 3469 Alloquor:
390 3384 515 3446 adverso
529 3385 674 3446 movimus
689 3385 744 3446 ista
757 3383 825 3445 deo.

162 3480 272 3545 Certus
287 3503 319 3544 es
333 3482 375 3544 ire
390 3494 501 3558 tamen,
515 3481 710 3564 miseramque
725 3481 891 3564 relinquere
905 3481 1004 3546 Dido:

205 3580 306 3664 Atque
320 3579 400 3670 idern
415 3579 496 3641 venti
510 3580 577 3642 vela
591 3577 739 3662 fidemque
754 3577 861 3641 ferent.
