2608 4218
614 398 721 450 mana
737 400 769 452 X.
838 427 840 430 ·

209 541 366 622 Orantem,
380 543 543 630 suturaque
557 545 663 610 iterum
677 549 796 611 transire
810 545 971 626 volentem,

210 637 339 702 Portitor
353 655 494 704 arcuerat.
538 642 662 726 Septem
676 658 775 708 nmen
790 645 838 706 ille
852 645 956 707 diebus

210 734 368 818 Squalidus
382 738 410 799 in
426 737 499 820 ripa,
514 737 633 801 Cereris
647 739 709 800 sine
723 761 856 816 munere,
869 741 956 802 sedit.
1059 815 1061 818 .

212 827 304 907 Cura,
319 831 459 917 dolorque
470 829 572 912 animi,
586 834 781 919 lacrymaeque
796 835 1057 920 alimenta-tuere.)
1134 837 1176 898 ‘te

212 923 287 986 Esse
302 924 376 990 deos
388 925 479 991 Erebi
492 927 626 990 crudeles
640 943 770 1012 questus,
785 929 815 992 in
830 930 918 991 altam

212 1019 254 1082 Se
267 1022 369 1105 recipit
383 1022 564 1108 Rhodopen,
577 1025 755 1108 pulsumque
768 1011 965 1108 Aquilonibus
979 1023 1115 1089 Haemon.

310 1365 314 1374 ’
396 1355 604 1400 maculantis
626 1358 662 1400 m
683 1359 812 1402 nonant
833 1360 993 1404 manue.

635 1536 665 1579 v.
683 1519 753 1612 1ᾷὲ.

212 1733 214 1741 2
255 1694 304 1757 Te
320 1715 448 1778 quoque,
461 1695 633 1778 Amyclide,
647 1697 791 1780 posuisset
806 1698 835 1760 in
850 1698 957 1760 aethere
971 1697 1116 1778 Phoelrus,
1170 1719 1175 1730 ·

212 1789 322 1857 'Ilistia
336 1791 360 1853 si
374 1792 499 1874 spatium
512 1790 641 1874 ponendi
655 1791 733 1856 Fata
746 1793 904 1856 dedissent.
936 1862 951 1884 ,

213 1886 287 1961 Qut
300 1888 378 1964 licet,
395 1902 517 1950 aternus
532 1881 694 1951 tamen'es:
718 1889 890 1972 quotiesque
904 1889 1019 1973 repellit
1135 1889 1178 1953 80

214 1982 278 2044 Ver
291 1985 430 2060 hiemem,
446 1983 583 2066 Piscique
598 1985 684 2052 Aries
699 1985 829 2048 succedit
843 2007 972 2069 aquos0;

213 2081 262 2144 Tu
278 2083 363 2145 toties
378 2083 476 2160 oreris,
491 2083 634 2166 viridique
648 2084 678 2146 in
692 2085 805 2168 cespite
820 2106 937 2148 vernas.
955 2073 961 2084 ⁶

255 2178 382 2262 Jamque
397 2178 458 2241 ser'e
471 2180 586 2242 medius
600 2179 692 2242 Titan
707 2181 848 2244 venientis
863 2194 893 2241 et
908 2194 979 2242 acta

214 2273 317 2336 Noctis
332 2287 404 2352 erat,
418 2276 571 2358 spatioque
585 2276 648 2358 pari
663 2275 787 2337 distabat
800 2275 965 2357 utrimque:

214 2367 348 2452 Corpora
362 2384 444 2431 veste
458 2370 568 2446 levant,
583 2384 614 2432 et
627 2391 716 2432 succo
729 2369 845 2452 pinguis
856 2370 926 2433 olivi
1137 2369 1179 2433 85

214 2465 440 2548 Splendescunt,
456 2466 564 2549 latique
578 2467 853 2550 ineuntcertamina
867 2465 948 2534 disci.
1068 2471 1072 2482 '

213 2561 316 2635 Quem
330 2563 409 2646 prius
424 2563 517 2628 adrias
531 2563 666 2626 libratum
680 2563 815 2626 Phoehus
830 2563 858 2625 in
874 2583 957 2624 auras

213 2657 307 2736 Misit,
322 2673 352 2721 et
365 2657 515 2742 oppositas
530 2659 642 2744 disjecit
656 2659 786 2741 pondere
801 2659 905 2720 nuhes.

214 2753 335 2818 Recidit
349 2756 377 2817 in
393 2755 514 2818 solidam
528 2756 615 2836 longo
630 2755 696 2836 pust
710 2768 843 2836 tempore
857 2768 963 2816 terram

166 2841 173 2854 ’
214 2851 361 2914 Pondus:·
378 2865 409 2913 et
424 2851 557 2912 exhibuit
567 2850 701 2932 junctam
715 2871 785 2914 cum
801 2850 907 2912 viribus
922 2862 1026 2910 artem.
1137 2848 1180 2911 90
1273 2847 1276 2849 ’

214 2948 353 3010 Protinus
367 2946 546 3028 imprudens,
561 2959 701 3026 actusque
716 2945 852 3025 cupidine
867 2945 938 3020 ludi,

214 3044 336 3106 Tollere
350 3041 520 3106 Taenarides
534 3041 635 3102 orbem
649 3039 839 3122 properabat:
862 3053 891 3102 at
902 3040 985 3102 illum

214 3141 300 3204 Dura
314 3159 486 3222 repercusso
499 3135 622 3221 subjecit
638 3137 674 3200 ab
689 3139 756 3197 ae're
774 3136 860 3198 tellus

215 3236 250 3298 ln
262 3237 370 3312 vultus,
386 3233 568 3318 Hyacinthe,
584 3246 660 3294 tuos.
705 3231 859 3314 Expalluit
874 3234 968 3316 aequ'e,

216 3333 264 3395 Ac
279 3353 362 3416 puer,
377 3333 440 3416 ipse
456 3331 547 3392 deus:
570 3331 772 3414 collapsusque
788 3320 898 3412 excipit
912 3343 1010 3392 artus:
1139 3329 1181 3390 95

217 3428 259 3490 Εῑ
272 3428 360 3491 modh
374 3443 403 3490 te
418 3427 546 3496 refovet:
568 3426 658 3488 modo
673 3427 763 3489 tristia
778 3426 897 3488 vulnere
912 3425 1019 3487 siccat:

217 3521 307 3587 Nunc
321 3525 447 3586 animam
462 3523 585 3586 admotis
600 3519 761 3606 lugientem
775 3521 899 3584 sustinet
912 3519 1019 3582 herbis.
