2604 4216
598 357 706 410 tanea
723 356 742 408 1.

190 504 252 574 Ver
263 523 326 572 erat
340 521 490 586 aeternum,
505 509 671 594 placidique
685 507 852 592 tepentibus
866 506 943 570 auris
958 535 975 565 κ

187 606 361 695 Muloebant
375 607 499 690 zephyri
513 619 596 670 natos
610 605 673 670 sine
688 606 798 668 semine
813 605 910 668 dores.

164 703 264 768 -Mox
279 705 367 768 etiam
383 703 479 786 sruges
493 705 580 766 tellus
592 704 704 789 inarata
717 703 842 765 serebat:

187 799 254 864 Nec
268 815 425 864 renovatus
440 823 509 882 ager
523 801 649 882 gravidis
663 801 786 862 canebat
800 800 904 862 aristis.

187 897 325 962 Flumina
336 898 399 984 ja'm
413 899 506 974 lactis,
517 897 580 982 jam
594 898 716 960 flumina
729 897 854 958 nectaris
868 897 964 960 ibant:

188 994 341 1079 Flavaque
356 995 393 1057 de
410 995 493 1077 viridi¹
506 995 652 1058 stillabant
666 995 732 1058 ilice
747 995 845 1056 mella.

230 1091 403 1178 Postquam,
419 1093 543 1184 Saturno
557 1095 711 1158 tenebrosa
725 1093 754 1154 in
767 1092 891 1156 Tartara
906 1092 1005 1168 misso,

189 1190 252 1253 Sub
265 1190 343 1254 Jove
359 1192 484 1254 mundus
499 1206 579 1268 erat:
601 1191 689 1252 subiit
703 1204 842 1274 argentea
856 1191 964 1274 proles,

189 1289 272 1350 Auro
287 1289 421 1371 deterior,
436 1288 517 1356 fulvo
532 1289 684 1372 pretiosior
698 1309 764 1350 ere.
1098 1285 1159 1352 115

188 1384 307 1469 Jupiter
320 1387 431 1470 antiqui
444 1387 590 1448 contraxit
604 1399 737 1468 tempora
751 1386 844 1448 veris:

189 1483 308 1567 Perque
322 1483 446 1570 hiemes,
461 1499 616 1568 astusque,
632 1499 663 1546 et
676 1484 832 1566 inequales
847 1496 1013 1560 autumnos,

189 1579 231 1644 Et
244 1582 334 1644 breve
350 1603 411 1658 ver,
427 1582 526 1664 spatiis
541 1582 640 1663 exegit
656 1596 778 1665 quatuor
791 1596 911 1642 annum.

189 1679 271 1742 Tum
285 1679 412 1762 primlrm
427 1679 511 1742 siccis
527 1683 578 1740 adr
591 1679 752 1744 fervoribus
765 1695 849 1740 ustus

189 1775 337 1839 Canduit:
362 1771 396 1837 et⁸
407 1775 502 1838 ventis
516 1776 624 1857 glacies
638 1775 774 1838 adstricta
789 1774 939 1858 pependit.
989 1835 993 1856 ,
1099 1777 1159 1842 120

189 1873 276 1936 Tum'
285 1872 410 1956 primum
426 1873 541 1936 subiere
557 1873 669 1936 domos.
713 1871 830 1936 Domus
845 1886 928 1943 antra
947 1872 1086 1952 suerunt‚.

190 1969 231 2038 Et
245 1970 327 2034 densi
341 1970 469 2050 butioes,
484 1985 514 2034 et
530 1972 633 2034 vineta
647 1972 756 2034 cortice
771 1971 867 2053 virgae.

190 2067 309 2134 Semina
323 2082 386 2131 tum
401 2070 527 2153 primdm
540 2071 634 2151 longis
649 2069 784 2132 Cerealia
800 2069 887 2132 sulcis

190 2166 304 2248 Obruta
318 2181 396 2244 sunt,
411 2168 561 2251 pressique
572 2167 645 2251 jugo
659 2167 799 2249 gemuere
814 2165 946 2250 juvenci.

232 2263 335 2326 Tertia
350 2279 416 2346 post
430 2265 492 2326 illas
506 2264 645 2328 successit
660 2268 754 2325 alinea
768 2265 875 2346 proles,
1101 2266 1161 2330 lea

190 2361 300 2424 Savior
315 2361 448 2443 ingeniis,
464 2362 546 2424 etad
561 2361 677 2424 horrida
691 2361 851 2446 promptior
865 2382 945 2424 arma
953 2382 962 2437 3
1047 2401 1050 2408 ,

190 2456 257 2522 Neo
271 2460 414 2522 scelerata
427 2474 537 2524 tamen.
580 2457 631 2520 De
646 2460 718 2522 duro
733 2473 778 2522 est
792 2459 894 2522 ultima
907 2458 993 2520 forro.

190 2556 327 2620 Protinus
343 2557 474 2640 irrumpit
491 2579 572 2618 venae
588 2556 694 2640 pejoris
709 2557 738 2619 in
754 2578 849 2620 aevum

190 2652 289 2716 Omne
304 2654 401 2716 nefas:
425 2653 525 2736 fugere
541 2655 645 2736 pudor,
660 2675 831 2737 verumque,
845 2653 993 2736 fidesque:

190 2750 225 2814 ln
241 2775 365 2836 quorum
380 2751 496 2814 subitio
510 2753 608 2814 locum
622 2751 806 2834 fraudesque,
821 2751 949 2833 dolique,

191 2847 375 2934 Insidiaeque,
390 2863 421 2911 et
437 2849 490 2926 vis,
505 2863 536 2912 et
550 2869 632 2932 amor
645 2847 803 2916 sceleratus
819 2848 955 2910 habendi.
1027 2887 1035 2910 .

192 2945 270 3008 Vela
285 2947 374 3008 dabat
389 2947 493 3020 ventis,
508 2967 564 3006 nee
575 2945 676 3006 adhue
686 2945 762 3006 bene
778 2958 898 3006 noverat
913 2944 977 3006 illos

193 3041 318 3106 Navita:
342 3063 465 3126 quaque
481 3042 530 3102 diu
545 3040 729 3102 steterentin
744 3041 888 3102 montibus
903 3041 977 3118 altis,

191 3139 347 3204 Fluctibus
362 3138 474 3226 ignotis·
483 3138 658 3200 insultavdre
672 3135 787 3199 carina.

192 3237 451 3321 Communemque
465 3235 555 3319 priris,
571 3257 627 3298 ceu
641 3235 750 3297 lumina
769 3235 835 3296 solis
850 3250 880 3297 et
895 3257 988 3312 auras,
1102 3235 1167 3300 13⁵

193 3334 308 3398 Cautus
323 3336 445 3398 humum
460 3334 549 3416 longo
563 3334 686 3416 signavit
702 3333 793 3396 limite
807 3355 934 3396 mensor.

193 3431 261 3496 Neo
275 3433 387 3494 tantbm
402 3446 518 3514 segetes
533 3432 731 3515 alimentaque
747 3430 846 3492 debit-a
861 3430 942 3490 dives

194 3528 376 3596 Posoebatut
390 3529 515 3603 humus;
536 3529 589 3590 sed
604 3529 677 3592 itu'm
692 3542 738 3590 est
752 3528 781 3590 in
797 3527 908 3590 viscera
921 3540 1020 3588 terra:

450 3630 464 3688 1
480 3627 499 3666 n
