2608 4218
530 375 703 464 semrom
725 409 784 462 vn.

174 559 206 626 Si
222 561 312 647 pudet
326 563 442 654 uxoris3
465 582 524 628 non
538 576 641 646 nupta,
655 558 713 643 sed⁸
722 561 838 644 hospita
852 561 944 646 dican
1050 595 1052 598 ·
1081 541 1157 624 135'

108 699 111 714 ·
215 660 298 722 Dum
312 654 363 725 ina
377 660 413 722 sit
427 658 519 735 Dido,
535 659 685 742 quodlibet
700 646 765 720 esse
780 657 864 721 seret.

173 753 252 820 Nota
266 758 338 820 mibi
352 755 425 820 freta
438 770 505 818 sunt
520 755 626 818 Afrum
641 755 804 836 frangentia
817 753 914 818 littus:
964 819 966 828 ,

215 851 412 936 Temporibus
426 851 513 916 certis
528 852 657 936 dantque
672 865 839 934 negantque
855 852 943 914 viam.

172 946 255 1011 Cinn
269 949 348 1011 dabit
363 941 535 1026 aurariam,
551 949 692 1032 prebebis
707 948 827 1012 carbasa
842 947 947 1010 ventis.

216 1045 305 1108 Nunc
318 1045 392 1108 levis
406 1045 531 1130 ejectam
545 1047 675 1108 continet
690 1045 756 1130 alga
770 1058 874 1109 ratem.
932 1041 936 1054 ‘
1084 1047 1144 1106 140

173 1139 308 1226 Tempus
322 1156 354 1204 nt
368 1142 533 1219 observem,
547 1143 654 1204 manda
668 1141 757 1218 mihi;
779 1141 887 1204 certius
902 1141 973 1204 ibis:
1146 1151 1149 1158 ’

216 1237 283 1302 Nec
297 1253 337 1318 te,
354 1240 378 1302 si
392 1237 496 1323 cupies
510 1239 584 1324 ipse,
598 1259 718 1301 manere
733 1238 837 1301 sinam.

133 1371 138 1379 ·
173 1333 215 1398 Et
229 1336 299 1398 socii
313 1337 444 1422 requiem
460 1350 594 1422 poscunt,
608 1336 775 1420 laniataque
790 1335 889 1398 classis

106 1421 114 1438 ’
215 1430 350 1495 Postulat
364 1434 487 1514 exiguas
501 1427 684 1496 semirefecta
698 1453 805 1494 moras.
830 1487 833 1494 .

173 1525 234 1590 Pro
248 1529 368 1606 meritis,
383 1542 414 1590 et
428 1529 512 1612 siqua
525 1524 577 1591 tibi
591 1527 785 1612 prabebimus
799 1527 934 1605 utun-u
1085 1529 1145 1591 145

216 1623 278 1688 Pro
292 1645 344 1707 spe
359 1624 487 1709 conjugii
501 1638 635 1707 tempora
649 1645 739 1706 parva
754 1636 835 1707 peto.

174 1719 258 1810 Dum
272 1719 345 1782 freta
359 1721 527 1797 mitescunt,
542 1734 572 1782 ct
586 1721 698 1782 Amor:
721 1718 792 1780 dum
807 1733 942 1804 tempore
957 1731 987 1782 et
1001 1737 1056 1782 usn
1103 1711 1107 1717 ’

216 1803 345 1880 Fortiter
358 1817 457 1880 edisco
471 1816 562 1879 tristia
575 1835 664 1900 posse
676 1816 749 1899 pati.

174 1910 226 1974 Sin
241 1913 354 1990 minbs3
376 1927 422 1976 est
436 1913 549 1976 animus
565 1913 648 1975 nobis
663 1911 814 1975 effundere
832 1913 932 1976 vitam.
958 1941 964 1957 .

216 2009 251 2072 In
265 2031 314 2072 me
328 2011 454 2074 emdelis
469 2032 528 2073 non
542 2023 628 2094 potes
643 2031 708 2074 esse
724 2009 785 2072 diu.
1086 2013 1146 2076 150

175 2106 329 2190 Adspicias
344 2108 467 2185 utinam,
483 2129 546 2194 quae
561 2107 598 2170 sit
612 2107 765 2170 scribentis
780 2105 895 2188 imago!

215 2201 395 2280 Scribimus;
417 2218 447 2266 et
461 2204 573 2284 gremio
587 2203 715 2266 Troicus
730 2204 807 2266 ensis
822 2202 921 2264 adest:

174 2295 292 2382 Perque
307 2321 397 2382 genas
411 2300 548 2382 lacryma
562 2299 693 2360 strictum
708 2299 845 2361 labuntur
859 2299 887 2361 in
903 2319 1024 2376 ensem3

217 2395 280 2469 Qui
291 2395 354 2480 jam
370 2417 424 2479 pro
438 2395 574 2478 lacrymis
588 2395 729 2477 sanguine
744 2395 850 2457 tinctus
867 2395 932 2456 erit.

174 2489 277 2566 Quam
290 2493 368 2556 bene
381 2492 561 2557 conveniunt
575 2491 635 2556 sato
650 2505 700 2554 tua
714 2513 837 2554 munera
851 2491 967 2560 nostro!
1059 2539 1063 2546 .
1086 2493 1146 2554 155

215 2589 336 2653 Instruis
350 2589 484 2674 impensa
497 2604 595 2653 nostra
609 2589 744 2673 sepulcra
754 2589 848 2652 brevi.

174 2685 241 2750 Nec
256 2708 323 2750 mea
336 2709 414 2752 nunc
429 2685 524 2769 primb
538 2686 680 2749 feriuntur
694 2700 814 2770 pectora
827 2685 904 2748 telo:

216 2782 270 2846 Ille
285 2784 367 2845 locus
382 2783 452 2845 saevi
466 2784 572 2844 vulnus
589 2783 706 2844 Amoris
721 2783 822 2844 habet.

175 2882 265 2944 Anna
279 2901 370 2956 soror,
385 2901 466 2941 soror
480 2879 580 2956 Anna,
594 2900 668 2940 mere
682 2879 760 2940 male
775 2878 893 2940 conscia
907 2878 1013 2960 culpae,

217 2975 287 3038 Jam
303 2976 384 3038 dabis
399 2974 428 3036 in
444 2975 557 3037 cineres
572 2975 675 3035 ultima
689 2974 768 3036 dona
781 2993 874 3034 meos.
1084 2973 1146 3035 160

175 3071 253 3151 Nec,
268 3084 443 3154 consumpta
457 3071 543 3152 rogis,
558 3069 705 3147 inscribar,
720 3067 818 3131 Elissa
832 3068 957 3148 Sichaei3

217 3166 287 3232 Hoc
302 3182 402 3231 tamen
417 3168 447 3229 in
462 3167 566 3230 tumuli
580 3187 723 3229 marmore
738 3187 857 3230 carmen
872 3167 943 3230 en't:

155 3303 160 3310 ·
175 3273 185 3303 ‘
193 3264 323 3328 Praebuit
337 3263 449 3328 AEneas
465 3277 494 3326 et
508 3284 629 3326 causam
644 3264 744 3326 mortis
758 3276 789 3326 et
803 3283 915 3327 ensem.

218 3349 287 3446 Ipsa
295 3351 356 3425 'sub
370 3345 451 3424 Dido
465 3360 594 3424 concidit
608 3382 661 3424 usa
675 3360 787 3424 manu)

476 3462 515 3521 14
524 3459 544 3500 *⁸
