2604 4216
467 678 655 720 nuucnnlort
677 678 719 718 ΕΤ
741 675 881 718 eruitur.

615 872 644 912 v.
660 851 734 913 348.

227 1033 376 1098 Redditus
389 1031 466 1096 orbis
481 1046 553 1094 erut.
598 1029 701 1104 Quem
717 1045 875 1115 postquam
890 1029 963 1095 vidit
977 1031 1107 1106 inomni,

186 1129 227 1194 Et
242 1131 386 1193 desolatas
403 1151 489 1212 agere
505 1130 563 1191 alta
578 1129 693 1190 silentia
708 1144 809 1205 tenus,

184 1227 362 1303 Deucalion,
377 1225 514 1308 lacrymis
530 1227 570 1288 ita
584 1226 731 1308 Pyrrham
747 1227 852 1287 affatur
866 1225 990 1288 obortis:
1097 1221 1160 1288 350

185 1323 233 1386 ‘O
248 1323 673 1406 soror‚oconjux‚osoemina
688 1324 750 1384 sola
764 1336 923 1405 superstes,
999 1371 1002 1382 .

185 1420 287 1493 Quam
303 1439 460 1483 commune
475 1420 546 1481 mibi
562 1441 665 1501 genus,
680 1434 710 1481 et
725 1421 863 1503 patruelis
878 1420 969 1500 origo,

184 1516 303 1579 Deinde
319 1532 397 1579 torus
409 1516 526 1600 junxit3
549 1536 626 1578 nuno
640 1517 704 1598 ipsa
720 1517 848 1599 pericula
858 1516 1002 1600 jungunt:

183 1613 354 1689 Terrarum,
370 1598 559 1697 quascunque
576 1615 676 1675 vident
690 1635 811 1676 occasus
827 1628 857 1674 et
872 1628 963 1689 ortus,
1003 1641 1012 1656 =

185 1709 248 1773 Nos
264 1711 324 1772 duo
339 1713 422 1772 turba
436 1732 547 1771 sumus.
593 1710 729 1772 Possedit
744 1721 849 1773 cetera
865 1723 980 1792 pontus.
1097 1708 1160 1776 35⁵
1269 1795 1272 1800 Δ

185 1807 274 1870 Nune
291 1799 408 1893 quoque
424 1801 601 1869 adluiovitae
616 1829 673 1868 non
689 1821 733 1869 est
748 1807 854 1870 fiducia
868 1821 972 1868 nostre

185 1905 278 1966 Certa
293 1919 378 1966 sats:
402 1917 511 1966 terrent
526 1905 685 1966 etiamnum
702 1905 801 1965 nubila
816 1918 956 1966 mentem.

184 2001 268 2074 Quid
286 2002 347 2078 tibi,
363 2003 386 2063 si
401 2002 463 2064 sine
479 2023 527 2062 rue
543 2001 607 2064 latis
623 2015 726 2084 erepta
740 2001 854 2079 luisses,

86 2169 88 2173 ,
103 2149 106 2158 ,
187 2098 276 2161 Nune
291 2099 390 2175 animi,
405 2098 581 2175 miseranda,
596 2098 693 2160 soret?
715 2121 774 2182 quo
788 2100 849 2161 sola
865 2099 1000 2162 timorem

185 2194 277 2256 Ferre
293 2195 380 2257 modo
396 2197 517 2277 posses?
541 2217 599 2278 quo
613 2197 783 2259 consolante
798 2197 933 2258 doleres?
1095 2197 1160 2260 360

187 2291 324 2374 Namque
339 2313 397 2374 ego
413 2291 516 2377 (crede
532 2291 630 2377 mihi)
648 2293 671 2354 si
687 2307 716 2354 te
734 2293 822 2354 modi
837 2305 945 2374 pontus
960 2293 1093 2370 baberet,

184 2388 233 2450 Te
248 2410 397 2472 sequerer,
411 2388 539 2474 conjux:
563 2403 593 2451 et
608 2411 657 2452 me
672 2411 790 2473 quoque
806 2403 912 2472 pontus
927 2391 1059 2452 heberet.

184 2485 213 2546 0
229 2487 340 2548 utinam
355 2487 463 2568 possim
481 2488 606 2570 populos
620 2507 756 2570 reparare
776 2486 903 2570 paternis

183 2584 323 2658 Artibus3
346 2597 433 2666 atque
449 2585 560 2646 animas
575 2584 704 2647 formatae
720 2585 871 2670 infundere
886 2586 987 2648 terrae!

184 2679 272 2742 Nune
286 2701 378 2761 genus
393 2681 422 2741 in
437 2681 520 2742 nobis
535 2696 624 2768 restat
639 2683 761 2744 mortale
777 2683 903 2758 duobus,
1095 2681 1158 2746 365

184 2777 250 2862 (Sic
265 2777 358 2838 visum
373 2777 499 2862 superis)
518 2777 728 2862 hominumque
743 2780 884 2862 exempla
899 2779 1075 2842 manemus!

224 2871 361 2948 Dixerat,
377 2888 407 2935 et
424 2875 544 2936 flebant.
589 2875 706 2938 Placuit
720 2877 843 2938 ooeleste
860 2877 972 2958 precari
1048 2955 1050 2962 Α

183 2969 313 3045 Numen,
330 2983 359 3031 et
375 2970 516 3032 auxilium
531 2992 694 3052 persuetus
710 2991 838 3053 querere
854 2985 956 3034 sortes.
1014 2963 1023 2983 ''

124 3067 129 3078 ’
183 3065 212 3127 N
215 3067 273 3128 ullu
287 3087 368 3128 mora
384 3049 446 3140 est;
468 3066 576 3127 adeunt
592 3067 699 3148 pariter
713 3066 891 3150 Cephisidas
906 3070 1009 3146 undas,

183 3161 226 3225 Ut
240 3164 370 3225 nondum
385 3162 519 3246 liquidas,
534 3163 575 3224 sio
587 3163 650 3247 jam
666 3164 741 3226 vada
756 3178 826 3250 nota
839 3180 983 3229 secantes.
1094 3168 1158 3231 tto

185 3258 321 3322 indeubi
336 3260 440 3321 libatos
456 3260 615 3322 irroravire
630 3261 757 3344 liquores

185 3356 325 3418 Vestibus
340 3371 370 3417 et
384 3357 490 3438 eapiti;
514 3355 637 3420 flectunt
652 3359 772 3440 vestigia
786 3374 893 3422 sancte

184 3454 233 3516 Ad
249 3454 369 3515 delubra
383 3454 462 3516 deae:
487 3475 612 3537 quorum
628 3455 742 3536 fastigia
758 3457 835 3538 turpi

183 3551 362 3633 Squalebant
378 3572 498 3627 musco;
520 3553 694 3635 stabantque
710 3553 773 3614 sine
788 3551 904 3632 ignibus
919 3569 986 3612 are.

447 3650 469 3708 2
1035 3653 1040 3664 .
