2604 4216
171 350 217 420 ee
487 357 834 419 nrrmcumsnon

172 505 264 576 Venit
279 523 309 576 et
324 513 360 576 ad
375 509 522 598 Cyaneut
545 535 591 590 ea,
606 507 636 578 ni
650 527 762 581 mutata
776 513 888 594 suisset,

170 609 279 676 Omnia
293 610 448 689 uertisset,
462 611 608 685 sederes
623 605 886 694 et'linguavolentt
993 683 996 688 y

170 705 281 771 Dicere
296 708 505 771 nonaderantr
527 720 595 784 nee,
611 731 673 792 que
684 703 864 792 loqueretur,
879 707 1017 774 hahebat.

170 803 261 886 Signa
275 818 372 868 tamen
389 801 543 870 manifesta
558 803 654 870 dedit:
678 817 837 890 unumque
851 806 975 890 parenti,
1075 805 1140 872 305

169 900 224 964 Illo
239 902 313 966 sone
328 903 394 970 loeo
408 904 571 986 delapsam,
584 905 698 986 gurgite
717 925 800 978 sacro

164 998 375 1082 Persephones
390 1023 496 1064 norrun
507 1002 629 1080 stunmis
640 989 770 1065 ueteudit
784 1000 925 1066 iuuudis.

168 1093 271 1182 Quam
286 1097 372 1160 simul
387 1097 516 1178 agnovit,
531 1111 672 1180 tanquam
686 1107 749 1160 turn
762 1089 893 1182 denique
905 1111 1020 1181 raptam
1065 1143 1067 1152 r

168 1191 289 1271 Seisset,
305 1177 450 1256 inornatos
465 1194 584 1256 laniavit
598 1194 667 1266 dita
679 1191 819 1277 capillos:

168 1286 210 1352 Et
224 1291 348 1374 repetita
362 1291 421 1353 suis
436 1292 579 1374 percussit
594 1305 712 1375 pectora
727 1292 842 1376 palmis.
879 1335 882 1342 ι
1029 1339 1033 1344 -
1056 1292 1142 1356 ,310

168 1383 235 1449 Nec
249 1389 304 1450 seit
318 1388 414 1450 adhuc
429 1389 548 1451 ubisit:
570 1403 659 1459 terr-as
674 1403 773 1454 tamen
788 1390 920 1472 increpat
933 1409 1055 1467 omnes;

166 1479 356 1569 ingratasque
372 1500 468 1563 vocat,
484 1508 541 1550 nec
556 1485 671 1568 frugum
686 1507 807 1548 munere
821 1486 933 1568 dignas.

166 1579 350 1644 Trinacriam
365 1594 432 1645 ante
446 1583 527 1660 alias,
543 1583 572 1646 in
587 1582 647 1666 qud
661 1583 783 1664 vestigia
797 1583 896 1646 damni
959 1664 961 1668 .

167 1676 304 1762 Repetit.
349 1675 430 1762 Ergo
445 1680 504 1750 illic
518 1680 755 1744 seve-:vertentia
768 1680 869 1762 glebas

166 1773 269 1858 Fregit
284 1791 377 1840 aratra
391 1800 480 1841 manu
492 1801 504 1854 ;-
523 1779 664 1862 parilique
679 1779 750 1842 irata
763 1779 884 1842 colenus
1073 1777 1140 1844 315

166 1872 383 1958 Ruricolasque
395 1874 488 1936 hoves
501 1875 562 1936 leto
576 1875 674 1951 dedit3
696 1884 823 1958 arvaque
838 1873 926 1958 jussit
1099 1895 1103 1901 '

161 1968 282 2033 Fallere
298 1963 475 2053 depeeitutn,
491 1971 649 2056 vitiataque
663 1971 776 2052 semina
790 1971 869 2036 fecit.

164 2066 311 2130 Fertilitas
325 2081 418 2144 terrae,
431 2068 525 2132 latum
540 2067 657 2149 vulgata
672 2088 725 2151 per
739 2068 852 2146 urbem,

163 2164 259 2228 Cassa
268 2165 365 2252 jacet:
389 2165 489 2250 primis
503 2167 795 2248 segetes-moriuntur
809 2168 839 2230 in
854 2167 967 2254 herbis:

164 2261 206 2324 Et
221 2263 310 2327 modh
325 2263 366 2326 sol
384 2264 499 2341 nimius,
514 2263 621 2328 nimius
634 2264 723 2326 rnodh
737 2265 854 2348 corripit
869 2265 971 2330 imber.
1046 2338 1048 2344 s
1072 2267 1136 2330 320

164 2359 335 2445 Sideraque,
351 2362 491 2446 ventique
505 2376 631 2426 necent:
655 2363 805 2446 avideque
821 2363 955 2427 volucres

163 2457 284 2528 Semina
294 2458 373 2542 jacta
389 2459 507 2540 legunt:
530 2459 641 2534 lolium,
657 2459 811 2542 tribulique
826 2459 947 2540 fatigant

162 2553 306 2618 Triticeas
320 2575 441 2629 messae,
456 2568 487 2616 et
501 2555 729 2638 inexpugnabile
747 2577 880 2637 grarnen.
1005 2631 1008 2636 ι

204 2643 287 2714 Tum
301 2659 391 2737 caput
406 2651 489 2714 Eleis
503 2651 649 2733 Alpheias
663 2653 769 2728 extulit
783 2653 886 2716 undis:

161 2749 368 2832 Rorantesque
383 2769 484 2810 comas
497 2770 515 2810 a
529 2747 623 2812 t'route
638 2750 763 2812 removit
777 2751 816 2816 ed
828 2773 932 2816 aures:
960 2745 964 2750 ¹
1070 2755 1136 2818 325

162 2847 263 2930 Atque
278 2845 335 2912 ait:
359 2845 408 2908 ι0
422 2859 485 2910 toto
500 2847 624 2932 quaesitae
640 2847 756 2929 virginis
771 2849 852 2926 orbe,

156 2943 204 3006 Ἐκ
218 2943 332 3027 frugum
348 2945 484 3028 genitrix,
499 2945 658 3010 immensos
673 2945 742 3010 siste
757 2947 888 3016 labores:

161 3039 249 3104 Neve
264 3043 314 3105 tihi
330 3043 393 3105 fide
409 3043 537 3108 violente
551 3044 676 3108 irascere
691 3058 785 3110 terre.

160 3137 256 3200 Terra
270 3138 342 3200 nihil
356 3140 481 3202 menrit:
505 3142 658 3224 patuitque
672 3142 764 3204 invita
776 3143 895 3226 rapine.

161 3232 228 3297 Nec
241 3256 308 3300 sum
323 3257 376 3318 pro
391 3236 485 3318 patrii
500 3239 646 3320 supplex:
669 3239 728 3302 hue
743 3239 859 3323 hospita
873 3241 952 3304 veni.
1069 3243 1134 3308 dffl

160 3329 230 3394 Pisa
245 3332 316 3396 rnihi
331 3331 424 3415 patria
437 3345 501 3408 est3
522 3347 553 3396 et
567 3334 604 3396 ab
620 3334 708 3398 Elide
724 3336 857 3402 ducimus
870 3352 977 3402 ortum.

152 3427 307 3493 ‘Sieaniarn
323 3429 475 3513 peregrine
489 3429 575 3492 eolo:
598 3431 649 3494 sed
665 3435 772 3514 gratior
785 3436 865 3498 omni

160 3523 235 3588 Haee
248 3526 321 3590 mihi
335 3539 412 3590 terra
424 3527 487 3590 solo
502 3540 560 3591 est.
604 3527 669 3592 Hes
683 3550 767 3592 nune
777 3531 927 3595 Arethusa
941 3546 1076 3617 penam
1120 3559 1125 3564 ·
