2604 4216
570 351 680 404 LIBER
701 353 723 403 1.
786 384 795 404 ».

152 501 274 590 Pelliois
287 501 445 584 Argolioae,
460 501 652 588 stimulosque
668 504 695 566 in
712 517 833 588 pectora
848 524 942 567 cocos

154 599 308 677 Condidit,
324 615 354 662 et
370 599 522 683 profugam
533 621 592 683 xper
606 616 701 664 totum
716 603 818 670 terruit
832 604 945 665 orbem.

153 695 285 760 Ultimus
300 699 446 760 immenso
460 698 600 775 restabas,
613 697 696 775 Nile,
711 699 813 762 laboti.

154 793 257 867 Quem
273 791 358 857 simul
374 817 409 856 ac
424 795 529 876 tetigit,
546 796 706 880 positisque
721 798 751 860 in
766 798 897 880 margine
913 797 983 882 ripe

154 890 317 954 Procubuit
331 891 465 973 gemme,
480 893 677 977 resupinoque
693 895 783 956 ardua
797 895 885 972 collo,
1069 895 1132 956 585

154 979 243 1062 Quos
257 989 364 1071 potuit,
379 989 455 1056 solos
471 990 576 1052 toliens
592 991 630 1052 ad
644 991 739 1052 sidera
755 993 863 1068 vultuS‚
901 1043 902 1046 ,
1003 1045 1015 1068 ‚

154 1085 196 1148 Et
210 1086 333 1167 gemitu,
349 1099 379 1148 et
394 1086 542 1169 lacrymis,
557 1101 588 1148 et
602 1088 875 1169 luctisonomugitu

154 1181 236 1246 Cum
250 1182 328 1244 Jove
344 1183 405 1244 visa
420 1184 501 1267 queri
517 1197 578 1261 est„
587 1185 735 1268 finemque
751 1203 835 1246 orare
849 1186 1005 1246 malorum.
1042 1201 1048 1228 t

154 1279 299 1364 Conjugis
314 1281 363 1342 ille
377 1303 436 1344 sue
451 1283 627 1365 complexus
642 1284 718 1346 oolla
732 1282 858 1367 lenonie,

153 1377 253 1440 Finiat
267 1393 300 1440 ut
315 1381 419 1462 poenas
432 1380 563 1456 tandem,
577 1394 677 1462 rogat:
702 1379 814 1463 ‘Inque
830 1379 959 1442 futurum
1069 1379 1133 1442 590

100 1487 104 1498 '
154 1475 241 1537 Pone
255 1475 373 1553 metus‚’
389 1477 493 1559 inquit,
509 1485 678 1560 ‘uunquam
693 1478 746 1540 tibi
759 1499 848 1540 causo
863 1476 969 1538 doloris

154 1570 229 1634 Haeo
245 1573 328 1634 eritz’
352 1587 381 1634 et
397 1572 517 1656 Stygias
526 1571 612 1657 jubet
627 1574 684 1635 hoo
700 1575 800 1636 audire
816 1572 951 1656 paludes.

153 1667 199 1731 Ut
213 1670 303 1730 lenita
319 1669 374 1731 dea
389 1683 444 1745 est,
460 1671 558 1744 vultus
573 1671 652 1752 capit
666 1671 858 1752 illupriores:
922 1705 928 1712 -

154 1764 276 1849 Fitque,
292 1767 372 1851 quod
387 1767 457 1828 tuiti*
471 1765 535 1830 fuit.
580 1765 712 1848 Fugiunt
726 1787 743 1828 e
757 1787 881 1849 corpore
896 1779 983 1828 sete:
1167 1833 1168 1838 γ

155 1861 278 1926 Cornua
294 1864 486 1926 decrescunt:
509 1865 540 1926 fit
555 1864 671 1930 luminis
686 1863 792 1928 arctior
806 1865 899 1926 orbis:
1070 1863 1133 1926 595

156 1959 350 2022 Contrahitur
363 1962 469 2035 rictus:
493 1962 617 2025 redeunt
632 1962 806 2046 humerique
822 1982 1003 2045 manusque:

155 2057 336 2141 Ungulaque
352 2059 381 2120 i'n
397 2059 501 2142 quinos
516 2059 628 2142 dilapsa
643 2060 804 2121 absumitur
819 2079 943 2142 ungues.
994 2065 995 2068 ’

156 2155 207 2217 De
222 2156 299 2218 bove
314 2155 354 2216 nil
369 2170 515 2238 superest,
529 2154 628 2218 sormae
643 2156 698 2217 nisi
712 2157 832 2232 candor}
847 2157 876 2226 in
892 2155 944 2218 illt
955 2177 966 2217 :¹

156 2251 326 2334 Officioque
342 2252 602 2336 pedumnymphe
618 2265 758 2314 contenta
772 2252 907 2327 duorum,

158 2349 306 2430 Erigitur:
330 2349 494 2432 metuitque
509 2348 610 2431 loqui;
633 2368 768 2409 nemore
779 2347 915 2431 juvence
1018 2342 1022 2351 ’
1072 2347 1135 2408 600

158 2444 295 2527 Mugiat:
319 2460 349 2508 et
364 2446 465 2507 timide
482 2446 571 2507 verba
586 2445 749 2514 intermissa
763 2457 900 2506 retentat.

158 2541 248 2606 Nunc
263 2543 320 2604 dea
334 2542 456 2624 liniger&
470 2542 575 2605 colitur
588 2542 780 2604 celeberrima
794 2541 890 2604 turbt.
