2604 4216
597 373 705 424 LIBER
719 373 741 424 1.

182 517 321 602 Ingentes
335 521 433 584 animo
448 535 478 584 et
492 519 594 604 dignas
609 521 686 586 Jove
700 523 828 607 concipit
843 523 916 600 iras;

182 615 405 704 Consiliumque
421 633 517 684 vocat.
562 620 674 684 Tenuit
690 643 771 684 mora
783 622 865 686 nulla
879 634 1009 685 vocatos.

223 715 343 777 Est-via
357 717 497 793 sublimis,
508 715 591 780 coelo
602 717 755 782 manifesta
774 739 894 780 sereno:

181 810 294 874 Laetae
304 834 413 875 nomen
428 813 518 879 hebet
527 835 537 890 ,;
557 815 685 878 candore
700 816 835 878 notabilis
847 816 921 899 ipso.

181 907 249 971 flac
265 911 320 972 iter
334 924 380 974 est
394 912 506 994 superis
523 913 559 974 ad
575 912 671 994 magni
687 927 766 976 tecta
781 911 935 990 Tonantis,
1092 919 1153 981 170

146 1087 151 1095 ‚
180 1003 387 1091 Regalemque
401 1009 533 1072 domum.
578 1008 696 1072 Dextri
710 1006 843 1094 leuisque
856 1011 981 1074 deorum

180 1103 264 1166 Atria
278 1106 419 1168 nobilium
434 1107 526 1168 valvis
541 1108 726 1170 celebrantur
740 1108 858 1190 apertis.

179 1201 270 1264 Plebs
285 1203 415 1266 habitant
430 1203 544 1266 diversa
557 1205 640 1268 loeis.
685 1205 715 1267 A
730 1204 824 1268 fronte
846 1220 981 1289 potentes

179 1297 342 1377 Coelicolae,
356 1301 484 1385 clarique
499 1323 566 1364 suos
581 1303 706 1385 posuere
722 1317 855 1386 penates.

179 1393 239 1458 Hie
253 1398 334 1459 locus
350 1411 412 1474 est3
434 1419 534 1481 quem,
549 1400 573 1462 si
588 1400 684 1463 verbis
699 1401 820 1464 audacia
835 1401 930 1478 detur,
1090 1405 1151 1466 175

179 1491 270 1554 Haud
283 1495 403 1558 timeam
418 1495 518 1578 magni
532 1497 642 1562 dixisse
657 1497 772 1560 Palatia
785 1498 866 1564 ooeli.

221 1589 302 1674 Ergo
316 1593 367 1656 ubi
381 1615 546 1672 marmoreo
560 1596 659 1678 superi
673 1596 777 1658 seddre
793 1616 921 1672 recessu,

178 1687 295 1752 Celsior
308 1689 372 1774 ipse
386 1692 464 1768 loeo,
477 1707 653 1775 sceptroque
669 1693 787 1754 innixus
802 1693 923 1771 eburno,

177 1785 349 1849 Terrificam
364 1788 468 1870 cepitis
482 1790 629 1852 concussit
640 1804 743 1873 terque
758 1803 918 1874 quaterque

175 1881 337 1946 'Cesariem
347 1906 355 1961 3
377 1907 445 1948 oum
462 1885 521 1968 quai
539 1899 655 1963 terram,
672 1909 762 1964 ruere,
778 1888 882 1965 sidera,
897 1889 999 1952 movit.
1090 1891 1150 1952 180

176 1977 300 2043 Talibus
311 1981 381 2054 inde
397 1983 490 2045 modis
505 2005 556 2046 ora
570 1984 751 2067 indignantia
763 1985 866 2050 solvit:

178 2077 263 2140 ‘Non
280 2101 336 2162 ego
350 2101 404 2164 pro
419 2081 521 2144 mundi
535 2103 627 2164 regno
641 2082 733 2165 magis
748 2084 854 2146 anxius
869 2083 920 2146 illa

73 2255 76 2262 Ι
176 2175 370 2258 Tempestate
386 2176 436 2254 fui,
453 2177 514 2261 qut
526 2183 647 2242 centum
664 2181 787 2265 quisque
802 2181 943 2264 parabant

178 2271 299 2356 lnjicere
314 2275 514 2358 anguipedum
529 2276 651 2360 captivo
663 2277 783 2340 brachia
797 2279 886 2340 coelo.

175 2367 205 2432 N
208 2391 266 2447 arn,
277 2393 445 2455 quanquam
457 2371 534 2436 ferus
547 2374 638 2436 hostis
649 2387 722 2452 erat,
734 2389 833 2438 tmneu
846 2375 916 2438 illud
928 2373 965 2438 ab
974 2397 1035 2438 uno
1089 2379 1149 2440 185

175 2465 321 2550 Corpore,
337 2482 367 2531 et
382 2491 421 2532 ex
436 2469 497 2532 unit
511 2471 660 2554 pendebat
676 2473 787 2554 origine
801 2473 923 2548 bellun.

175 2561 264 2628 Nunc
279 2566 361 2643 mihi,
378 2565 437 2650 quia
450 2581 545 2630 totum
561 2567 590 2630 N
592 2590 678 2632 erens
692 2569 884 2636 circumtonat
898 2570 1012 2648 orbem,

174 2661 366 2726 Perdendum
380 2667 503 2730 mortale
518 2675 622 2748 genus.
667 2668 729 2730 Per
743 2667 865 2732 flumina
875 2667 943 2751 juro

174 2757 282 2838 Insere,
297 2761 351 2823 sub
367 2763 448 2824 terris
462 2763 568 2846 Stygio
582 2765 711 2828 labentia
728 2766 806 2840 luco,

173 2855 293 2920 Cuncta
307 2859 390 2946 prius
402 2873 530 2924 tentate:
553 2861 606 2923 sed
621 2861 836 2924 immedicabile
851 2863 957 2925 vulnus
1089 2867 1149 2928 leo

173 2951 256 3018 Ense
271 2954 473 3033 recidendum,
488 2977 526 3018 ne
542 2978 608 3039 pars
623 2959 736 3026 sincera
750 2958 891 3024 trabatur.

173 3050 249 3114 Sunt
264 3052 335 3116 mihi
351 3051 493 3129 semidei,
509 3067 576 3116 suut
591 3054 699 3119 metica
713 3055 834 3118 numina
848 3055 877 3118 N
879 3057 1009 3143 ymphae,
1032 3093 1037 3114 .

174 3147 341 3235 Faunique,
357 3149 526 3235 Satyrique,
542 3165 572 3214 et
587 3151 751 3228 monticolae
768 3151 896 3216 Silvani:
930 3147 931 3154 ἵ

173 3243 261 3318 Quos
277 3241 414 3330 q'uoniam
429 3249 498 3312 eoe'li
513 3250 645 3312 nondmn
659 3250 814 3333 dignamur
829 3251 952 3329 honore,

173 3340 261 3414 Quas
275 3344 420 3422 dedimus,
431 3347 511 3410 certi
527 3361 617 3410 terras
631 3349 761 3412 habitare
773 3349 912 3429 sinamus.
1087 3352 1147 3416 195

174 3438 225 3500 Au
240 3440 318 3518 satis,
332 3464 352 3505 o
365 3445 474 3527 superi,
489 3459 567 3508 tutos
581 3445 642 3509 lore
653 3447 775 3510 creditis
789 3447 864 3525 illos,

175 3533 256 3600 Cium
271 3539 352 3618 mihi,
368 3541 418 3626 qui
433 3539 554 3620 fulmen,
570 3544 619 3626 qui
635 3565 688 3606 vos
699 3544 867 3628 habeoque,
881 3563 1021 3628 regeque,
