2604 4216
156 363 178 428 8
356 449 360 452 ,
471 365 820 424 uurnnonruosuon

157 521 307 588 Struxerit
321 521 448 604 insidias,
465 536 551 586 notus
566 523 691 598 feritate,
707 520 831 612 Lycaon
841 518 863 580 i’

200 620 416 684 Confremuere
428 643 551 682 omnes:
575 619 736 702 studiisque
751 616 919 679 ardentibus
935 607 1049 680 ausum

148 719 244 782 ·Talia
259 719 433 801 deposcunt.
463 719 538 795 *Sic,
552 719 622 780 cum
638 729 742 781 manus
756 714 848 799 impia
862 715 943 776 saevit
1072 718 1136 778 200

157 817 306 898 Sanguine
323 815 461 878 Caesareo
478 815 648 882 Romanum
663 811 840 896 extinguere
853 834 973 890 nomen,

159 915 326 978 Attonitum
341 929 428 976 tautae
443 915 539 990 subito
554 927 663 975 terrore
678 913 768 974 ruinae
795 911 796 914 ’
846 967 849 973 .

158 1013 331 1076 Humanum
347 1032 440 1094 genus
455 1027 517 1088 est3
540 1025 683 1094 totusque.
693 1010 857 1094 perhorruit
875 1009 963 1072 orbis.
1021 1031 1032 1052 2

158 1107 224 1173 Nec
241 1112 291 1173 tibi
306 1125 388 1192 grata
400 1111 496 1170 minus
511 1110 615 1192 pietaS,
631 1109 779 1190 Auguste,
795 1121 922 1184 tuomrn,
990 1113 1000 1127 ²

158 1209 261 1282 Quem
276 1209 330 1270 suit
345 1209 394 1270 illa
408 1197 494 1270 Jovi..
533 1202 599 1280 Qui
615 1221 771 1291 postquam
788 1227 861 1267 voce
879 1225 1028 1288 manuque
1073 1208 1136 1268 205

157 1305 313 1370 Murmura
326 1306 518 1394 compressit3
542 1307 665 1368 tenuere
681 1303 795 1366 silentia
810 1303 923 1376 cuncti,

158 1405 294 1468 Substitit
309 1419 342 1466 ut
356 1405 476 1480 clamor,
492 1425 609 1497 pressus
625 1403 927 1489 gravitate‘regentis3

157 1501 275 1586 Jupiter
289 1505 346 1566 hoc
361 1503 466 1565 iterum
482 1523 616 1566 sermone
632 1501 745 1564 silentia
759 1501 885 1583 rumpit:

159 1601 230 1663 ‘llle
248 1601 367 1684 'quidem
383 1621 487 1683 poenas
505 1598 623 1685 (curam
636 1601 713 1661 hane
729 1597 888 1683 dimittite)-
898 1597 1006 1675 solvlt3
1070 1613 1073 1618 ’
1093 1614 1095 1616 ·

159 1699 252 1772 Quod
268 1714 367 1761 tamen
383 1699 552 1776 admissum,
569 1721 632 1781 quae
648 1699 684 1760 sit
699 1698 839 1773 vindicta,
854 1698 978 1760 docebo.
1052 1739 1053 1746 1
1073 1699 1136 1760 210

155 1796 332 1878 'Contigerat
347 1811 458 1858 nostras
474 1796 591 1858 infernis
607 1797 750 1879 temporis
762 1817 864 1858 aures:
902 1813 904 1820 ⁴

159 1894 261 1967 Quam
277 1894 400 1977 cupiens
415 1893 528 1969 salsam,
544 1905 659 1954 summo
675 1894 794 1956 delabor
809 1893 953 1976 Olympo,

159 1991 200 2054 Et
217 1993 290 2055 deus
305 1991 437 2053 humani
450 1991 541 2053 lustro
556 1991 611 2052 sub
626 1991 755 2072 imagine
770 2004 870 2052 terras.

158 2090 265 2172 Longa
279 2111 361 2152 more
376 2103 432 2165 est,
449 2103 590 2172 quantum
605 2110 691 2150 noxae
706 2089 743 2150 sit
757 2089 867 2172 ubique
883 2102 1042 2172 repertum,
1071 2122 1073 2127 ·

159 2187 361 2250 Enumerare:
385 2187 479 2250 minor
493 2186 547 2250 fuit.
562 2186 625 2269 ipsa
644 2186 762 2250 infamia
777 2207 858 2249 vero.
1036 2201 1037 2206 ’
1073 2187 1137 2263 215

159 2285 288 2370 Menala
303 2287 484 2372 transieram,
500 2285 618 2348 latebris
634 2285 779 2348 horrenda
794 2286 931 2361 ferarum,
951 2312 952 2317 ¹
1050 2275 1052 2280 '

160 2383 285 2446 Etcum
301 2384 432 2467 Cylleno
448 2384 536 2465 gelidi
552 2382 775 2465 pineta-Lycei.

159 2483 294 2544 Arcados
310 2483 377 2543 hinc
393 2482 479 2542 sedes
495 2494 524 2541 et
539 2477 688 2562 inhospita
702 2494 781 2542 tecta
796 2481 912 2562 tyranni

159 2579 320 2662 ingredior,
333 2579 481 2640 traherent
495 2578 565 2640 crim
580 2599 645 2640 sera
659 2578 835 2660 crepuscula
850 2591 979 2642 noctem·

160 2678 251 2760 Signa
265 2678 333 2738 dedi
345 2677 460 2739 venisse
476 2675 565 2739 deum
579 2697 587 2751 ;
611 2677 773 2758 vulgusque
790 2676 902 2759 precari

120 2840 123 2846 ,
160 2775 320 2858 Coeperat.·
361 2773 465 2836 liridet
481 2772 576 2856 pn‘mb
592 2774 641 2856 pia
657 2787 725 2835 vote
744 2773 878 2856 Lycaon.

160 2873 238 2936 Mox
253 2874 302 2950 air,
318 2881 337 2910 “
351 2873 508 2958 Experiar,
524 2873 598 2932 deus
614 2871 673 2947 hic,
690 2871 859 2933 discrimine
874 2885 987 2955 aperto,

128 3001 132 3010 ·
160 2972 211 3034 An
227 2971 264 3032 sit
278 2971 424 3034 mortalis:
447 2993 504 3034 nec
519 2971 574 3032 erit
590 2969 749 3032 dubitabile
766 2971 902 3032 verum.'’

161 3069 260 3131 Nocte
275 3089 395 3150 gravem
407 3075 510 3131 somno
525 3081 582 3131 n'ec
597 3068 688 3151 opinis
702 3069 826 3150 perdere
841 3081 935 3130 morte

160 3166 215 3229 Me
231 3180 324 3251 perat.
369 3163 444 3228 Haec
460 3166 500 3227 illi
517 3166 614 3248 placet
631 3166 816 3247 experientia
831 3165 902 3227 veri.

161 3262 228 3327 Nec
243 3277 405 3346 contentus¹
415 3284 463 3338 eo,
479 3263 558 3324 missi
572 3249 612 3323 de
627 3276 716 3342 gente
732 3261 866 3324 Molossis

161 3361 281 3425 Obsidis
296 3346 383 3423 u'nius
394 3360 530 3444 jugulum
546 3380 686 3421 mucrone
702 3359 837 3420 resolvit:

164 3461 263 3544 Atque
279 3461 320 3522 ita
334 3458 497 3522 semineces
513 3457 619 3540 partim
634 3455 813 3518 ferventibus
828 3469 907 3518 artus
959 3528 962 3534 ³

161 3557 261 3622 Mollit
276 3559 370 3642 equiS,
386 3557 490 3641 partim
506 3555 640 3642 subjecto
656 3555 757 3618 torruit
771 3554 843 3637 igni.
