2604 4216
560 371 669 428 unna
691 372 736 438 vr.

474 667 477 672 ·
539 643 677 708 LIBER
689 641 745 704 vl.

280 865 284 874 '
394 871 496 915 moon
519 871 554 914 m
578 859 724 914 srtnonrr
745 871 886 913 matut.

584 1055 613 1096 r.
628 1035 698 1096 148.

151 1203 237 1269 Ante
251 1225 319 1268 suos
335 1204 431 1270 Niobe
448 1204 591 1268 thalamos
604 1216 783 1286 cognoverat
797 1200 888 1280 illam,

148 1299 236 1364 Tum
249 1305 319 1364 otim
334 1301 492 1368 Maeoniam
507 1303 589 1384 virgo
603 1301 800 1384 Sipylumque
813 1299 940 1364 colebat.

150 1398 222 1462 Neo
236 1391 335 1462 tamen
351 1400 500 1466 admonita
513 1413 559 1462 est
573 1399 665 1486 poeula
679 1398 826 1480 popularis
843 1397 998 1458 Arachnes
1107 1428 1112 1441 ·

150 1495 274 1558 Cedere
288 1497 445 1573 caelitibus,
460 1496 615 1578 verbisque
629 1494 787 1557 minoribus
801 1494 855 1556 uti.
1164 1560 1174 1575 ,

148 1592 253 1657 Multa
267 1594 375 1655 dabant
389 1593 512 1658 animos.
556 1592 616 1655 Sed
629 1591 711 1653 enim
725 1613 781 1668 neo
794 1589 925 1675 conjugis
940 1603 1027 1666 artes,
1103 1591 1126 1654 5

149 1689 182 1752 N
184 1711 222 1752 ec
237 1709 331 1772 genus
346 1690 508 1765 amborum,
523 1689 679 1770 magnique
695 1689 826 1769 potentia
840 1687 931 1769 regni,

148 1788 204 1856 Sic
220 1787 360 1870 placuere
374 1787 425 1863 illi,
436 1775 570 1874 quamvis
580 1807 616 1848 ea
630 1798 737 1846 cuncta
748 1785 918 1867 placebant,
956 1845 971 1852 ,,

148 1882 265 1947 Uesta
279 1885 451 1967 progenies:
475 1897 504 1946 et
520 1881 683 1948 etineima
702 1895 827 1948 matrum

150 1981 332 2044 Dictaforst
346 1981 455 2058 Niobe,
469 1981 494 2044 ei
508 2001 567 2042 non
582 1979 635 2042 sibi
651 1979 713 2044 uisa
728 1978 838 2042 luisset.
1208 2059 1212 2064 Ι

151 2079 233 2144 Nam
247 2094 310 2144 sata
324 2078 449 2156 Tiresia,
465 2079 580 2142 venturi
595 2078 727 2161 prescia,
742 2077 848 2142 Manto
880 2114 883 2120 ·
1078 2068 1131 2142 ’ω’

151 2176 214 2240 Per
228 2177 340 2240 medias
355 2177 460 2252 luerat,
475 2175 575 2238 divino
588 2176 704 2238 concita
718 2173 823 2251 motu,¹
839 2189 846 2197 '
880 2235 882 2242 ,

100 2269 104 2277 ’
152 2272 322 2338 Vaticinata
337 2274 413 2336 vias:
438 2272 632 2348 ίΙεηιεηίἀεε,
646 2273 686 2333 ile
701 2271 879 2354 frequentes,

151 2369 276 2454 Et-date
292 2370 426 2447 Latona,
441 2369 691 2452 Latonigenisque
705 2368 836 2443 duobus*

149 2468 232 2533 Cum
248 2468 437 2552 precethura
451 2468 517 2550 pia:
540 2467 682 2549 lauroque
696 2463 835 2530 innectite
849 2463 971 2531 crinem·

148 2567 214 2630 Ore
228 2587 296 2630 meo
310 2565 426 2630 latona
436 2565 543 2650 jubet?
589 2563 728 2626 Paretur:
751 2575 781 2624 et
795 2581 899 2627 omnes
1085 2563 1131 2624 15.ί
1212 2559 1216 2565 “

148 2663 322 2726 Thebaides
332 2663 419 2748 jussis
434 2685 487 2726 sua
501 2677 634 2745 tempora
649 2661 797 2732 frondibus
810 2672 931 2722 ornant:

149 2760 312 2845 Thuraque
328 2762 396 2824 dant
411 2759 518 2822 sanctis
533 2773 564 2821 et
578 2760 668 2822 verba
682 2758 843 2841 precantia,
858 2756 994 2820 flammis.

193 2857 277 2920 Ecce
292 2857 373 2920 venit
387 2857 527 2921 comitum
544 2855 642 2917 Niobe
655 2854 846 2916 celeberrima
860 2853 957 2928 turbt,

152 2953 294 3018 Vestibus
309 2954 422 3017 intexto
437 2952 575 3034 Phrygiis
589 2951 756 3032 spectabilis
770 2971 857 3014 auro:

151 3051 360 3135 Et,-qnantum
375 3049 418 3111 ira
430 3048 507 3124 sinit,
523 3046 664 3110 formosa:
688 3067 867 3130 movensque
881 3046 999 3110 decoro
1080 3049 1130 3111 ω’

150 3148 232 3212 Cum
247 3147 345 3230 capite
360 3145 503 3208 immissos
518 3145 674 3208 humerum
689 3157 910 3228 necutrumque
925 3145 1045 3228 capillos
1062 3201 1063 3204 ,
1145 3168 1149 3178 ’

152 3244 311 3308 Constitit:
334 3257 425 3328 utque
440 3243 540 3305 oculos
555 3241 732 3304 circumtulit
746 3241 805 3304 alta
819 3241 978 3324 superbos;

152 3341 250 3416 ‘Quis
264 3341 342 3406 sutor
355 3341 489 3418 auditos,’
505 3341 609 3425 inquit,
624 3347 811 3424 ‘preponere
829 3339 895 3402 visis

152 3438 322 3503 Coelestesl
344 3454 394 3502 aut
408 3461 461 3503 our
473 3439 579 3502 colitur
593 3437 708 3502 Latona
724 3459 778 3521 per
791 3459 872 3514 aras;

153 3535 273 3598 Numen
288 3537 382 3602 adhuc
397 3537 459 3600 sine
473 3537 558 3600 thure
571 3557 672 3598 meum
682 3538 747 3598 est?
770 3533 847 3598 Mihi
856 3533 999 3598 Tantalus
1009 3543 1121 3606 amtor,
