2604 4216
148 357 193 442 qa
462 361 810 416 imrnuouruosuou
835 321 838 328 ¹
867 349 869 356 '

149 513 292 599 Dumque
306 528 407 596 rogat,
429 535 484 600 pru
499 513 560 598 qula
573 527 665 598 rogat,
680 513 797 576 occidit.
841 511 924 580 Orba
936 511 1046 576 resedit

150 611 313 676 Exanimes
329 613 404 676 inter
418 626 512 689 natea,
526 625 680 696 natasque,
696 611 866 694 virumque:
899 606 902 614 ’
1062 609 1125 682 155
1154 678 1158 686 ,

149 709 336 795 Diriguitque
351 711 447 774 malis.
490 707 520 774 N
523 710 597 772 ullos
611 723 712 779 movet
726 729 796 772 aura
809 707 943 792 capillos.

149 805 185 870 ln
200 810 282 871 vultu
296 809 378 870 color
393 808 514 872 estsine
530 808 690 890 sauguine:
712 807 824 870 lumina
836 805 953 868 moestis

150 904 235 968 Stant
250 906 370 968 inmota
385 906 468 988 genis
478 928 492 992 :¹
507 905 580 968 nihil
594 919 640 966 est
654 904 684 966 in
698 903 826 986 imagine
840 903 910 966 vivi.

149 1001 219 1086 Ipsa
235 1024 353 1086 quoque
369 1003 489 1068 interita
503 1023 572 1066 cum
588 1002 662 1064 duro
676 1001 776 1083 lingua
790 1001 889 1084 palato
932 1058 935 1066 .

149 1097 307 1181 Cougelat,
323 1114 353 1162 et
368 1121 450 1162 venre
465 1099 608 1162 desistunt
622 1120 708 1182 posse
724 1098 846 1162 moveri.
970 1163 975 1170 ,
1064 1099 1126 1161 160

149 1192 216 1258 Nec
231 1197 312 1260 flecti
324 1196 439 1274 cervix,
454 1217 510 1259 nec
524 1196 645 1258 brachia
658 1195 782 1258 reddere
800 1209 911 1279 gestus,
1010 1248 1011 1265 ,

149 1289 216 1356 Nec
231 1314 285 1377 pes
300 1293 341 1356 ire
357 1307 470 1376 potest:
494 1293 572 1356 intra
584 1314 702 1378 quoque
715 1293 828 1356 viscera
842 1313 947 1372 saxum
961 1305 1016 1356 est.
1063 1345 1072 1351 ..

150 1386 219 1451 Flet
232 1404 343 1468 tamen,
358 1405 389 1453 et
404 1390 490 1453 validi
505 1391 685 1454 circumdata
700 1390 815 1454 turbine
830 1390 910 1454 venti

149 1483 185 1548 In
201 1488 324 1570 patriam
338 1501 422 1572 rapta
435 1501 497 1551 est:
520 1489 570 1550 ubi
584 1489 645 1554 fixa
658 1487 811 1552 cacumine
825 1489 933 1562 montis
1029 1563 1031 1569 Ι

149 1581 296 1668 Liquitur‚
310 1599 341 1648 et
355 1586 500 1670 lacrymas
514 1586 677 1652 etiamnum
691 1606 836 1648 marmora
853 1599 984 1658 manant.
1063 1585 1133 1646 165-

220 1883 357 1941 TEREUS,
379 1885 520 1943 ΡΒΟΟΝΕ,
542 1887 742 1943 anthemi,
764 1885 798 1928 nt
821 1886 899 1928 ΑΗΒ
922 1886 1057 1928 iturum.

576 2105 606 2148 v.
623 2085 697 2148 620.

194 2264 243 2327 Ad
258 2278 382 2328 matrem
398 2265 534 2331 veniebat
548 2265 623 2350 Ityn.
668 2264 752 2339 Quid
767 2266 869 2348 possit,
884 2266 987 2330 abillo

150 2361 311 2426 Admonita
325 2376 386 2426 est:
410 2364 560 2447 oculisque
576 2377 662 2426 tuens
676 2363 845 2440 immitibus,
861 2371 870 2400 ‘
879 2363 931 2426 Ah
950 2367 1040 2449 quim

150 2457 194 2520 Es
208 2459 308 2523 similis
323 2460 397 2542 patri
408 2460 426 2521 l'
450 2460 535 2522 dixit.
579 2459 647 2522 Nec
662 2460 746 2541 plura
759 2460 867 2537 locuta,

149 2554 248 2626 Triste
264 2569 346 2638 parat
361 2554 491 2640 lacinus3
513 2556 662 2640 tacitique
677 2569 820 2618 exaestuat
833 2555 886 2620 iria.

192 2651 237 2714 Ut
252 2667 350 2714 tamen
365 2653 488 2716 accessit
502 2666 597 2730 uatus,
614 2653 758 2736 matrique
773 2653 899 2720 salutem
1064 2659 1125 2721 170

150 2750 270 2826 Attulit,
285 2763 316 2812 et
329 2751 426 2833 parvis
441 2750 564 2814 adduxit
578 2751 654 2814 colla
668 2750 794 2827 lacertis,

150 2845 308 2931 Mixtaque
322 2847 468 2912 blanditiis
483 2848 641 2932 puerilibus
656 2848 757 2910 oscula
767 2848 885 2934 junxit3

150 2942 236 3006 Mota
251 2945 370 3028 quidem
381 2960 430 3024 ,est
444 2947 588 3029 genitrix3
611 2945 790 3030 infractaque
805 2946 934 3012 constitit
948 2945 1005 3010 ira:

38 3095 41 3100 .
150 3039 297 3124 lnvitique
311 3043 388 3106 oculi
403 3034 696 3128 lacrymis'maduere
710 3045 831 3108 coactis.

151 3137 211 3200 Sed
226 3139 312 3200 simul
327 3162 367 3202 ex
382 3141 473 3204 nimii
486 3157 610 3205 matrem
625 3141 735 3225 pietate
750 3142 848 3204 labare
896 3166 899 3178 ’
1054 3145 1124 3220 ‚175

150 3233 260 3312 Sensit,
276 3237 313 3298 ab
327 3237 384 3300 hoc
400 3238 505 3300 iterum
520 3254 565 3302 est
580 3239 616 3301 ad
630 3240 728 3302 vultus
743 3259 828 3302 versa
841 3239 964 3316 sororis3

151 3331 245 3416 Inque
260 3333 356 3395 vicem
370 3325 507 3416 spectans
520 3337 633 3412 ambos,
649 3335 732 3398 ‘Cur
746 3335 905 3412 admovet,'
920 3336 1024 3420 inquit,

152 3431 260 3493 ‘Alter
272 3430 445 3508 blanditias3
466 3433 551 3516 rapti
566 3433 634 3496 silet
645 3433 737 3494 altera
748 3431 868 3514 lingui?

152 3525 254 3602 Quam
269 3526 356 3592 'vocat
367 3529 418 3594 hic
432 3542 566 3609 matrem,
580 3551 634 3594 cur
647 3551 706 3593 non
721 3543 807 3592 vocat
821 3528 870 3592 illa
882 3533 1033 3596 sororem?
