2604 4216
134 353 175 420 18
441 363 788 426 unrauonrnosnou

131 521 140 552 ⁴
149 511 221 591 Fer,
235 512 338 598 pater,'
354 514 457 597 inquit,
473 521 597 597 ‘opern3
609 516 642 583 ¹si
657 501 778 590 flumina
791 535 899 598 numen
915 515 1052 580 runem!
1073 559 1076 565 ·
1110 515 1112 520 ’

131 609 193 674 Vix
208 634 298 696 prece
312 612 403 689 finiat,
418 627 518 696 torpor
531 614 626 695 gravis
640 615 738 695 alligat
752 631 847 680 artus:
1039 615 1101 680 491
1115 615 1120 622 ’

130 705 234 771 Mollia
248 710 499 792 cinguntur'tenui
513 711 673 792 precordia
686 711 775 775 libro:
884 739 886 745 ’

129 802 164 868 in
180 804 311 868 frondem
325 807 431 882 crines,
446 807 475 869 in
491 808 719 870 ramosbrachia
734 821 879 870 crescunt.
916 843 918 852 ‹

129 901 200 980 Pes,
215 905 304 966 modb
318 919 378 966 tam
393 905 493 985 veipx,
508 903 597 988 pigris
610 905 755 968 radicibus
770 905 877 969 haeret:
966 939 969 944 ¹

92 997 192 1063 “Ora
206 1022 347 1064 cacumen
362 1003 441 1091 obit:
464 1015 596 1064 remanet
611 1003 687 1094 nitur
700 1023 776 1066 unus
791 1003 820 1064 in
835 1002 909 1065 itta*
1009 1005 1162 1067 1495·
1268 1048 1272 1099 ξ

129 1095 189 1160 Cui
200 1099 287 1174 ¹deus,
303 1099 364 1160 ‘At
377 1099 486 1182 conjux
503 1099 641 1182 quoniam
655 1121 723 1162 mea
738 1113 795 1162 non
811 1115 896 1183 potes
911 1121 989 1176 esse,
1015 1167 1035 1186 ‚A

129 1193 227 1258 Arbor
240 1197 296 1258 eris
311 1195 413 1272 certes
429 1197 513 1273 dixit,
528 1205 623 1260 “mea.
669 1195 795 1281 Semper
808 1199 960 1261 habebunt
999 1265 1009 1278 ,
1042 1223 1071 1240 0

128 1292 177 1356 Te
191 1315 287 1370 coma,
301 1307 331 1356 te
346 1295 478 1370 citharae*
490 1308 520 1357 te
535 1271 649 1371 nostra,
664 1296 756 1371 laure‘,
765 1295 925 1378 pharetra.

128 1389 178 1453 Tu
194 1391 318 1454 ducibus
331 1391 424 1454 Latiis
439 1392 544 1468 aderis,
558 1393 625 1454 cim
641 1393 707 1456 beta
721 1393 903 1476 triumphum

129 1486 201 1550 Vo'x
215 1503 320 1565 canet3
342 1503 372 1552 et
386 1489 478 1570 tongae
494 1490 589 1555 visent
604 1489 752 1573 Capitolia
767 1511 894 1573 pompae.
1039 1493 1104 1553 500

127 1585 268 1649 Postibus
281 1587 423 1670 Augustis
438 1587 543 1649 eadem
558 1587 695 1658 fidissima
709 1602 808 1651 custos

127 1683 209 1747 Ante
224 1684 300 1748 fores
316 1685 422 1762 stabis3
443 1686 630 1769 medi-amque
644 1687 766 1751 tuebere
782 1707 934 1770 quercum.

127 1779 229 1865 thue
245 1805 345 1845 meum
360 1783 480 1845 intonsis
494 1796 584 1865 caput
599 1797 644 1846 est
653 1783 786 1867 juvenile
800 1783 931 1868 capillis;

127 1877 177 1940 Tu
193 1901 309 1962 quoque
325 1894 483 1962 perpetuos
498 1901 616 1962 semper
630 1901 697 1960 gere
713 1878 821 1942 frondis
828 1879 983 1942 bonores)

170 1973 301 2037 Finierat
316 1975 416 2037 Paean.
461 1975 563 2038 Factis
578 1976 667 2039 mode
681 1977 780 2039 laurea
793 1977 880 2038 ramis
1037 1977 1102 2039 505

20 2067 24 2074 ’
127 2071 257 2136 Annuit:
280 2087 371 2158 utque
385 2063 486 2158 caput,
503 2075 623 2136 visa-est
638 2075 762 2156 agitisse
777 2097 932 2138 cacumen.
993 2121 994 2124 ,

498 2328 530 2370 ιο
553 2327 595 2368 ur
617 2327 731 2370 ancus.
824 2297 826 2304 '

552 2509 581 2548 v.
598 2489 671 2549 625.

127 2656 258 2724 Centum
272 2659 429 2742 luminibus
443 2658 574 2720 cinctum
589 2669 678 2740 caput
695 2657 792 2739 Argus
807 2657 946 2722 habebat.

125 2755 200 2821 Inde
215 2757 273 2818 suis
289 2756 399 2820 vicibus
413 2755 570 2839 capiebant
584 2754 653 2816 bina
667 2755 796 2838 quietem
807 2777 817 2844 :¹

126 2853 244 2918 Caetera
257 2853 421 2931 servabant,
437 2867 525 2937 atque
541 2853 570 2914 in
586 2853 709 2914 statione
724 2853 892 2914 manebant.

126 2949 306 3014 Constiterat
322 2973 497 3036 quocunque
512 2939 621 3026 modo;
642 2950 795 3034 spectabat
811 2949 848 3012 ad
864 2949 918 3018 16:
1034 2951 1100 3012 510

128 3049 207 3110 Ante
223 3050 323 3112 oculos
339 3049 382 3126 lb,
399 3043 534 3133 quamvis
548 3069 676 3124 aversus,
692 3049 827 3110 habebat.

125 3141 210 3208 Luce
224 3146 292 3208 sinit
306 3148 403 3232 pasci:
425 3149 494 3209 cum
509 3146 551 3207 sol
567 3146 670 3207 tellure
686 3146 741 3206 sub
756 3144 815 3206 alta
829 3141 885 3218 est,

126 3239 258 3318 Claudit,
274 3258 304 3305 et
318 3244 436 3324 indigno
448 3242 612 3306 circumdat
628 3241 743 3303 vincula
758 3238 844 3302 collo.

125 3337 292 3400 Frondibus
307 3341 443 3416 arbuteis,
460 3353 490 3401 et
504 3339 603 3400 amari
617 3337 748 3422 pascitur
758 3335 868 3398 herba:

126 3429 246 3517 Proque
262 3450 336 3512 toro,
351 3450 442 3512 terrae,
458 3459 515 3498 non
530 3455 648 3517 semper
662 3455 782 3516 gramen
797 3432 928 3510 habenti,
1033 3435 1099 3495 515

125 3530 250 3596 lucubat
265 3533 383 3610 inseiix3
405 3535 565 3616 limosaque
579 3532 701 3594 flumina
714 3544 806 3616 potat.

1260 302 1269 500 ι

1263 524 1270 543 Ι

1264 566 1272 587 b
