2608 4218
464 453 467 458 .
525 441 528 445 .
558 401 775 472 traaarrn„
843 408 845 412 ·
1093 392 1154 458 125

187 551 248 618 Sed
263 575 360 640 neque
376 551 557 641 Naupliades
572 555 683 618 facinus
697 553 854 616 defendere
869 559 993 631 tanturn,
1032 577 1034 582 ·
1089 555 1153 618 310

151 711 153 717 ,
183 651 324 736 Tamque
339 668 453 737 patens,
469 651 574 716 valuit:
597 674 654 715 nec
668 675 720 715 vos
734 650 851 723 audistis
861 652 895 713 'in
909 649 970 714 illo
1013 672 1041 704 .’
1126 645 1136 710 ζ

187 749 336 827 Crimina;
359 751 485 814 vidistis:
509 751 661 834 pretioque
676 748 791 838 objecta
806 741 955 834 patebant.

177 845 206 868 '²
229 844 296 910 Nec
311 845 505 916 Poeantiaden
521 844 600 931 qudd
619 848 708 914 hahet
725 837 869 922 Vulcania
883 847 1025 924 Lemnos,
1058 850 1062 856 '
1083 854 1085 858 '

184 938 264 1006 Fsse
277 963 344 1006 reus
359 945 469 1007 merui:
492 943 603 1007 sactum
617 939 765 1007 defendite
781 932 925 1006 vestrum:
939 951 947 959 ”
1135 1009 1137 1012 ,

187 1031 383 1105 Consensistis
398 1042 492 1104 enim:
515 1063 571 1104 neo
585 1063 634 1104 me
648 1041 771 1104 suasisse
786 1041 910 1123 negah0,
1002 1063 1004 1067 ·
1038 1087 1040 1090 -
1091 1041 1153 1106 315

187 1136 231 1200 Ut
245 1159 276 1202 se
290 1140 474 1226 subtraheret
487 1139 615 1222 bellique
630 1136 743 1222 riaeque
758 1138 859 1216 labori,
913 1163 916 1167 ·
1230 1127 1234 1136 ’

186 1235 387 1319 Tentaretque
403 1234 592 1319 seros'requie
607 1234 698 1302 lenire
714 1236 838 1313 dolores.
968 1219 971 1230 ¹

185 1329 289 1396 Paruit
298 1355 308 1410 3
321 1347 362 1413 ¹ot
373 1334 454 1396 vivit.
499 1331 568 1420 Nou
583 1333 645 1396 h'aec
660 1333 804 1394 sententia
817 1331 931 1394 tantun

186 1429 274 1508 Fida,
288 1429 341 1492 sed
355 1444 385 1493 et
399 1429 488 1507 felixr
509 1429 629 1492 ohmsit
643 1429 722 1505 satis,
736 1423 801 1499 esse
814 1429 943 1491 fidelem.
1049 1449 1063 1456 ¹·

153 1611 154 1614 Ἴ
187 1527 290 1603 Quem
304 1519 442 1612 quoniam
456 1541 539 1599 vates
553 1526 729 1589 delendaad
743 1525 891 1608 Pergama
904 1538 1041 1616 poscunt,
1092 1525 1154 1588 320

164 1641 165 1646 ’
187 1625 236 1706 Ne'
251 1625 388 1686 mandate
403 1625 491 1696 mihi:
512 1624 618 1685 melids
632 1623 823 1686 Telamonius
838 1623 900 1698 ibit,

187 1721 375 1805 Eloquioque
389 1722 483 1785 virum
499 1719 606 1781 morbis
621 1718 721 1803 irdque
736 1717 881 1780 furentem
937 1703 943 1766 Ῐ

89 1860 92 1865 -
186 1815 314 1895 Molliet,
330 1815 493 1904 autaliqud
505 1814 649 1900 producet
662 1813 788 1904 callidus,
798 1829 873 1877 arte.
926 1819 927 1822 ’
966 1839 967 1842 “
1006 1835 1007 1839 ’

173 1915 270 2000 'Ante
283 1929 361 1977 retro
376 1914 484 1992 Simois
499 1913 582 1990 fluet,
597 1914 629 1976 et
641 1905 704 1998 siue
719 1904 867 1974 frondibus
882 1909 943 1972 Ide·
981 1905 1005 1958 s
1099 1929 1102 1935 ⁴

91 2051 100 2066 ·
185 2013 292 2090 Stabit,
306 2027 337 2075 et
351 2009 491 2077 auxilium
506 1997 655 2094 promittet
669 2010 786 2072 Achaia
800 2005 909 2095 Trojae,
1059 1997 1154 2072 ’325

186 2111 300 2188 Quam,
314 2117 446 2176 cessante
462 2129 529 2171 meo
543 2129 598 2192 pro·
611 2097 714 2170 vestris
729 2121 850 2191 pectore
864 2107 977 2183 rebus,

185 2207 287 2294 Ajacis
301 2207 397 2270 stolidi
412 2205 526 2268 Danais
539 2205 666 2286 sollertia
680 2203 779 2287 prosit.
823 2260 826 2265 .

151 2291 167 2312 ⁵
186 2305 232 2368 Sis
245 2304 317 2379 licet
331 2301 561 2379 infestus-sociis,
575 2302 706 2385 regique,
721 2299 862 2383 mihique,
1020 2373 1023 2380 1

186 2401 270 2464 Dure
285 2399 470 2476 Philoctete3
491 2399 562 2461 licet
575 2405 740 2474 exsecrere,
755 2415 914 2480 meumque
1009 2395 1031 2418 ‘¹'

186 2497 343 2562 Devoveas
358 2497 420 2559 sine
435 2496 492 2558 fine
507 2509 614 2579 caput3
635 2495 796 2578 cupiasque
812 2492 921 2564 dolenti
1036 2505 1038 2508 ’
1091 2493 1154 2557 330

185 2595 239 2658 Me
253 2595 304 2658 tihi
319 2594 391 2657 forte
402 2593 479 2672 dari,
494 2583 811 2678 nostrumquehaurire
829 2583 983 2667 cruorem;

187 2687 301 2778 [thue
317 2693 359 2754 tui
373 2691 455 2768 mihi,
470 2690 513 2752 sic
525 2691 575 2752 fiat
589 2689 640 2752 tibi
655 2685 741 2772 copia
754 2685 843 2751 nostri
852 2681 875 2770 ε]

170 2783 232 2852 'Te
248 2805 347 2852 tamen
362 2788 528 2870 aggrediar:
554 2789 743 2870 [mecumque
758 2774 899 2848 reducere
909 2783 1014 2872 mitae]

109 2946 111 2952 ,
183 2887 324 2970 Tamque
338 2885 395 2946 tuis
410 2885 505 2968 potiar
521 2882 633 2968 (faveat
647 2881 794 2968 Fortuna)
811 2881 931 2963 sagittis,

184 2983 288 3056 Quam
303 3003 369 3044 sum
383 2978 545 3055 Dardanio,
557 2999 645 3062 quem
660 2979 738 3064 cepi,
753 2993 820 3041 vate
835 2979 961 3066 potitus:
995 3046 1001 3070 1
1045 2989 1046 2992 ’
1090 2977 1153 3041 335

183 3080 288 3153 Quam
302 3098 445 3160 responsa
459 3073 559 3151 dedm,
574 3072 763 3158 Trojanaque
778 3073 846 3151 fata,
861 3071 972 3136 retexi:

183 3176 285 3257 Quam
301 3174 383 3258 rapui
398 3171 535 3256 Phrygiae
549 3171 665 3254 signum
679 3172 828 3254 penetrale
847 3171 990 3234 Minerva

183 3267 327 3335 Hostibus
343 3291 359 3332 e
375 3270 489 3333 mediis.
534 3268 577 3332 Et
591 3291 624 3332 se
638 3270 709 3333 mihi
723 3285 871 3353 comparat
888 3269 990 3354 Ajax?

183 3369 302 3452 Nempe
315 3369 382 3451 capi
396 3366 518 3452 Trojam
533 3367 725 3449 prohibebant
740 3363 800 3431 iata
813 3368 874 3430 sine
890 3367 957 3440 illis.
1028 3373 1030 3380 ’
1049 3393 1055 3418 t

183 3463 281 3528 Fortis
295 3465 345 3527 ubi
360 3478 406 3526 est
420 3463 522 3548 Ajax?
545 3463 594 3550 ubi
608 3478 675 3526 sunt
690 3465 819 3546 ingentia
832 3466 930 3546 magni
1090 3469 1153 3532 340

111 3613 114 3618 .
185 3559 286 3625 Verba
300 3562 373 3624 viri?
395 3560 460 3624 Cur
473 3560 523 3622 hic
537 3561 666 3623 metuis?
688 3583 741 3623 cur
755 3562 842 3623 audet
857 3561 983 3644 Ulysses

483 3659 550 3718 ll¹¹¹
