2608 4218
148 329 191 399 aa
444 337 792 392 nnamoarnosnort

148 488 314 554 Consilium
328 490 439 573 superis
455 491 549 576 aperit
562 494 720 554 commune
735 490 911 554 Philemone

147 586 253 649 “Esse
267 589 446 664 sacerdotes,
461 588 640 671 delubraque
656 601 753 650 vestra
767 588 841 650 tueri
1059 587 1123 650 165

146 681 317 746 Posuimus:
340 698 371 747 et
386 686 523 770 quoniam
536 685 696 748 concordes
711 685 824 766 egimus
838 705 949 760 annos;

145 779 271 843 Auserat
285 781 357 844 hora
371 782 444 844 duos
459 779 581 844 eadem:
604 803 660 842 nec
673 779 806 866 conjugis
817 803 946 864 unquam

145 874 239 940 Busta
254 899 328 940 meae
343 880 478 956 videam3
500 899 559 940 neu
573 877 629 940 sim
640 877 833 940 tumulandus
847 878 884 940 ab
898 865 982 940 illt.’'’

160 1055 163 1064 1
189 973 270 1037 Vota
283 976 356 1038 fides
370 977 515 1060 sequitur:
539 975 642 1057 templi
656 975 749 1036 tutela
763 974 867 1052 litere„

145 1069 253 1134 Donec
269 1073 329 1136 vita
343 1073 411 1136 date
425 1087 480 1135 est.
525 1065 620 1138 Annis
636 1093 757 1156 aevoque
772 1063 859 1134 soluti
1047 1073 1121 1138 ‹170

144 1167 227 1230 Ante
241 1170 347 1250 gradus
361 1185 459 1232 sacros
472 1167 542 1232 crim
557 1181 667 1258 starent
681 1166 767 1244 fort'e,
781 1165 897 1252 locique

144 1261 314 1348 inciperent
327 1287 431 1342 casus;
453 1263 587 1327 frondere
602 1262 779 1327 Philemona
792 1264 913 1342 Baucis,

148 1359 280 1424 Baucida
294 1362 450 1446 conspexit
464 1361 560 1424 senior
575 1360 709 1423 frondere
725 1360 894 1424 Philemon.

144 1457 273 1542 Jamque
288 1481 376 1543 super
390 1459 502 1541 gelidos
515 1471 667 1533 crescente
682 1459 836 1520 cacumine
851 1459 959 1535 vultus,

144 1551 263 1632 Mutua,
278 1555 349 1618 dum
364 1557 455 1633 licuit,
470 1555 632 1618 reddebant
647 1554 743 1630 dicta;
767 1562 786 1592 ‘⁴
799 1554 947 1638 Valeque‚
1026 1613 1027 1618 ,
1058 1557 1121 1620 175

145 1649 175 1711 Ο
190 1651 332 1736 conjux‚''
349 1653 451 1737 dixere
466 1653 562 1728 simul,
574 1651 661 1714 simul
676 1651 775 1714 abdita
789 1651 864 1714 texit

143 1745 207 1808 Ora
221 1741 329 1810 liutei.
374 1748 513 1812 Ostendit
527 1747 624 1810 adhuc
638 1747 793 1832 Tyanei'us
807 1747 867 1811 illic

143 1831 245 1905 Incola
260 1845 297 1906 de
312 1845 431 1926 gemini
446 1846 556 1906 vicinos
571 1845 674 1906 arbore
688 1858 817 1908 truncos.

112 2019 116 2024 Ι
144 1936 218 2000 Hoeo
233 1940 305 2001 mihi
320 1962 378 2002 non
394 1940 461 2002 vani
478 1940 589 2025 (neque
604 1954 666 2001 erat
680 1961 733 2002 cur
746 1939 846 2002 fallere
862 1939 988 2027 vellent)

144 2031 309 2098 Narravere
325 2057 420 2098 senes.
466 2033 617 2120 Equidem
631 2036 798 2123 pendentia
808 2037 867 2104 vidi
1058 2039 1121 2102 180
1160 2085 1165 2094 .

144 2130 229 2192 Serta
243 2153 332 2215 super
346 2153 459 2195 ramos:
482 2153 654 2216 ponensque
669 2133 809 2210 recentia,
824 2135 897 2212 dixi,

144 2225 255 2290 “Cura
269 2230 310 2312 pii
325 2230 370 2292 dis
385 2243 462 2308 sunt,
478 2243 518 2308 et,
534 2229 583 2314 qui
597 2229 728 2308 coludrm'
743 2231 911 2294 coluntur.''

522 2632 658 2696 LIBER
675 2633 735 2698 lx.

485 2849 647 2891 Eunomus
673 2851 774 2894 MORS·

518 2967 537 3039 J
569 3029 599 3074 v.
614 3015 686 3076 134.

141 3183 246 3266 longa
260 3185 314 3249 suit
328 3190 417 3252 medii
432 3212 512 3253 mora
527 3193 683 3275 temporis:
707 3209 832 3279 actaque
846 3198 946 3282 magni

141 3279 281 3374 Herculis
295 3283 450 3367 implerant
465 3300 566 3363 terras,
579 3290 740 3374 odiumque
755 3313 900 3356 noverca.

143 3376 248 3441 Victor
261 3380 298 3441 ab
312 3379 454 3443 OEohalia
468 3381 581 3445 Cenaeo
596 3371 680 3448 sacra
693 3389 815 3472 parabat

143 3472 224 3538 Vota
237 3475 317 3552 lovi,
332 3477 401 3562 crim
416 3475 511 3540 Fama
525 3479 636 3564 loquax
650 3485 798 3565 praecessit
812 3486 849 3550 ad
864 3507 960 3566 aures,
