2604 4216
588 365 698 428 mesa
715 365 736 416 1.
1126 360 1151 422 9

173 515 259 592 Quos
274 516 359 579 simul
376 515 515 600 imposuit
528 516 727 611 mensisego·
737 515 851 578 vindice
865 515 988 581 flamma
1083 519 1146 580 230

172 614 206 676 ln
222 615 342 678 domino
356 615 459 695 dignos
474 614 568 678 euerti
584 627 665 675 tecta
678 613 817 676 Penates.

172 711 305 775 Territus
321 713 369 774 ille
384 713 475 794 sugit;
497 727 662 796 naeursque
675 713 788 778 silentia
802 714 874 776 ruris

172 810 326 888 Excolat,
341 811 504 894 frustraique
519 810 751 899 loquioonatur:
775 812 811 872 ab
826 811 890 894 ipso

172 908 294 992 Colligit
308 931 342 972 os
357 910 479 985 rabiem,
495 907 645 991 solitaeque
660 909 799 995 cupidine
814 899 901 992 cedis

173 1005 305 1069 Vertitur
319 1007 349 1068 in
364 1007 511 1090 pecudes:
535 1019 566 1068 et
580 1027 659 1069 nunc
674 1028 792 1091 quoque
807 1008 948 1088 sauguine
960 1007 1082 1090 gaudet.

172 1103 207 1166 ln
222 1103 306 1166 villos
321 1105 431 1166 abeunt
446 1117 552 1180 vesteS,
568 1104 597 1168 in
613 1125 697 1165 crura
716 1105 827 1166 lacerti.
847 1153 849 1160 ,
1083 1106 1146 1168 236

172 1201 224 1265 Fit
237 1203 335 1286 lupus,
351 1216 381 1264 et
397 1201 503 1266 veteris
518 1215 617 1266 servat
633 1202 756 1284 vestigia
769 1201 878 1264 formae.
953 1233 957 1240 x

172 1299 306 1378 Canities
321 1301 425 1362 eadem
444 1313 500 1377 est,
509 1293 621 1362 eadem
637 1300 774 1362 violentia
789 1301 889 1362 vultu:

172 1397 257 1460 idem
273 1398 351 1461 oculi
365 1399 481 1460 lucent:
505 1399 610 1468 eadem
627 1397 747 1462 feritatis
762 1398 870 1480 imago.

215 1495 334 1559 Occidit
348 1518 407 1579 una
422 1497 527 1595 dumus
537 1519 547 1558 r
567 1497 620 1560 sed
635 1518 694 1559 non
710 1497 814 1563 domus
828 1519 888 1562 una
902 1497 998 1583 perire
1084 1498 1148 1559 240

177 1594 274 1676 Digna
288 1594 358 1656 suit:
383 1593 443 1678 qud
457 1609 534 1656 terra
548 1589 641 1676 patet,
656 1592 718 1659 sera
731 1609 833 1675 regnat
849 1594 990 1677 Erinnys.

173 1691 208 1754 ln
223 1692 335 1754 lacinus
346 1692 590 1777 jursisse-putes„
619 1689 703 1764 Dent
718 1691 799 1754 ocids
815 1713 928 1767 omnes,
956 1731 958 1738 ι

174 1789 259 1864 Quas
274 1790 411 1854 meruere
426 1791 488 1874 pati
505 1789 563 1876 (sio
577 1801 633 1852 stat
647 1787 806 1874 sententia)
824 1787 949 1871 poenas.'

574 2025 746 2072 olbertum,

175 2379 266 2443 Dicta
280 2377 365 2442 Jovis
380 2399 446 2462 pars
462 2371 536 2440 voce
552 2377 686 2462 probant,
701 2376 894 2461 stimulosque
909 2375 1015 2440 furenti

175 2477 344 2562 Adjiciunt:
368 2478 416 2540 alii
430 2491 527 2560 partes
542 2475 712 2540 adsensibus
726 2475 862 2558 implent.
942 2507 945 2512 v
1087 2477 1150 2538 245

159 2575 232 2638 'Est
246 2591 346 2638 tamen
361 2575 481 2638 humani
496 2575 612 2656 generis
623 2573 739 2658 jactura
754 2572 847 2634 dolori

175 2673 339 2737 Omnibus:
363 2688 403 2750 et,
418 2695 481 2756 quae
496 2674 534 2736 sit
549 2686 642 2748 terrae,
657 2657 826 2734 mortalibus
841 2670 929 2747 orbae,

176 2771 287 2834 Forma
301 2772 406 2848 sutura,
420 2785 540 2852 rogant:
564 2770 628 2854 quis
642 2770 678 2832 sit
693 2770 803 2832 laturus
818 2768 848 2858 iu
864 2789 927 2830 aras

176 2870 299 2932 Thura?
321 2870 427 2933 ferisne
443 2882 525 2951 paret
540 2867 721 2950 populandas
736 2867 853 2928 tradere
866 2868 990 2948 gentes?

176 2966 263 3031 Talia
278 2979 441 3050 quaerentes
460 2963 530 3048 (sibi
544 2965 622 3024 enim
637 2964 699 3026 sore
714 2978 820 3036 cratera
833 2963 926 3047 eure)
1088 2964 1152 3024 250

176 3063 249 3127 Rex
263 3063 403 3148 superium
419 3061 565 3144 trepidare
581 3073 671 3135 vetat,
687 3060 879 3142 sobolemque
894 3059 982 3143 priori

169 3162 360 3226 ¹Dissimilem
373 3161 484 3244 populo
499 3159 641 3244 promittit
655 3157 767 3240 origine
782 3157 881 3237 mira„

127 3295 130 3298 ·
218 3259 347 3343 Jamque
362 3273 425 3320 erat
439 3258 467 3320 in
483 3270 559 3319 totas
574 3277 724 3340 sparsurus
739 3255 860 3318 fulmina
873 3241 981 3332 terras3

177 3357 239 3434 Sed
254 3357 360 3433 timuit,
375 3377 412 3418 ne
428 3355 502 3418 sorte
517 3377 601 3418 sacer
616 3367 658 3417 tot
673 3355 710 3418 ab
723 3355 839 3436 ignibus
854 3355 945 3416 uther

178 3455 359 3538 Conciperet
374 3456 518 3532 flammas,
532 3455 696 3537 longusque
713 3453 878 3515 ardesceret
894 3450 968 3512 axis.
1090 3447 1154 3508 255

179 3552 255 3616 Esse
272 3574 388 3638 quoque
402 3554 432 3616 in
447 3553 512 3616 fatis
527 3551 731 3627 reminiscitur,
746 3549 836 3612 affore
855 3561 983 3630 tempus,
