2608 4218
179 373 249 451 ‘118
496 387 840 448 nasamonrrrossou

186 544 330 622 Sustinui,
352 558 518 628 sortemque
533 543 631 632 meam
645 547 774 624 vovistis,
790 533 898 608 achivi
908 558 921 608 :¹
968 570 975 574 ’

185 639 226 703 Εῑ
241 655 343 704 vestre
358 642 476 704 valuere
491 664 605 725 preces.
650 642 683 704 Si
698 643 823 730 quaeritis
838 643 925 725 hujus
1005 677 1009 684 -
1054 633 1084 680 Γ

157 747 162 759 “
185 734 347 800 Fortunam
362 759 487 820 pugnae;
509 745 567 800 noir
581 760 647 803 sum
661 751 813 820 superatus
829 738 865 800 ab
880 738 940 800 illo.
1110 743 1152 804 90

164 915 168 922 ²
227 833 309 896 Ecce
325 833 419 896 serunt
433 833 530 897 Troes
545 834 721 918 seruamque,
734 834 904 917 ignemque,
919 833 1088 918 lovemque

185 926 220 992 ln
235 929 356 992 Danaas
368 931 492 993 classes:
515 931 565 993 ubi
579 951 657 992 nunc
672 930 814 994 facundus
828 930 973 1014 Ulysses?

130 1087 133 1096 ,
185 1023 304 1109 Nempe
320 1049 377 1109 ego
391 1027 471 1115 mille
485 1049 554 1089 meo
569 1027 684 1110 protexi
700 1041 820 1109 pectore
834 1041 960 1116 puppes,

185 1122 278 1206 Spem
294 1127 381 1186 vestri
396 1123 516 1186 reditus.
561 1115 641 1185 Date
656 1137 699 1184 tot
714 1143 767 1206 pro
781 1124 1007 1186 navibusarma.
1098 1201 1100 1208 γ

227 1218 321 1291 Quod
335 1219 358 1282 si
375 1240 443 1281 vera
456 1219 526 1281 licet
539 1219 611 1281 mihi
626 1219 741 1296 dicere3
764 1220 898 1302 qu'aeritur
911 1219 981 1295 istis,
1109 1209 1148 1285 95

110 1383 113 1390 ,
185 1314 288 1389 Quam
302 1316 384 1392 mihi,
398 1315 491 1400 major
505 1316 615 1379 honos:
648 1315 863 1400 conjunctaque
878 1315 968 1397 gloria
982 1327 1080 1377 nostra
1095 1315 1148 1392 e‘st,

184 1413 286 1495 Atque
300 1412 382 1497 Ajax
395 1413 492 1488 armis,
507 1434 567 1475 non
579 1409 667 1496 'Ajaei
684 1433 764 1473 arma
774 1425 924 1494 petuntur.
1001 1436 1018 1441 ··
1036 1409 1039 1414 “
1058 1409 1062 1412 ’

227 1507 370 1580 Conferat
384 1509 428 1571 his
443 1507 563 1572 Ithacus
578 1508 726 1585 Rhesum,
741 1508 950 1592 imbellemque
965 1506 1094 1583 Dolona,
1113 1560 1137 1592 ,χ

184 1599 410 1688 Priamidenque
424 1604 575 1667 'Helenum
590 1605 757 1688 rapacum
772 1604 895 1667 Pallade
909 1616 1040 1694 captum.
1119 1663 1121 1666 .

184 1701 269 1770 Luce
284 1702 355 1764 nihil
371 1715 496 1783 gestum,
511 1701 584 1763 nihil
600 1715 644 1764 est
659 1700 808 1764 Diomede
823 1714 952 1763 remoto:
991 1775 994 1786 Ι
1091 1703 1159 1780 loo·

140 1787 142 1792 ⁵
184 1797 218 1859 Si
231 1797 323 1860 semel
338 1799 392 1859 ista
407 1798 480 1860 datis
494 1799 604 1859 meritis
618 1812 679 1859 tam
694 1798 798 1860 vilibus
810 1819 893 1863 arma
901 1817 910 1874 ;

149 1971 153 1975 .
183 1891 343 1970 Dividitez,
357 1906 387 1956 et
401 1893 494 1976 major
508 1913 574 1974 pars
588 1894 624 1954 sit
639 1893 794 1954 Diomedis
809 1895 838 1954 in
852 1894 918 1956 illis.
971 1921 973 1924 ’
1283 1971 1284 1978 ¹

226 1986 299 2061 Qud
314 2001 412 2049 tamen
428 1989 491 2050 hac
505 1987 629 2050 Ithaco?
651 1988 700 2070 qui
715 1989 804 2064 clam,
820 1989 869 2071 qui
883 2009 1002 2071 semper
1015 1988 1130 2051 inerms
1180 2047 1186 2055 .

184 2082 369 2166 Remgerit:
393 2096 423 2144 et
438 2081 519 2144 furtis
533 2084 682 2144 incautum
697 2083 808 2166 decipit
821 2083 961 2147 hostem?
1062 2108 1064 2111 ’
1121 2085 1126 2162 s

183 2178 252 2264 lpse
267 2181 342 2242 nitor
357 2179 460 2261 galeae,
475 2177 554 2242 claro
568 2170 703 2242 radiantis
719 2180 756 2240 ab
772 2200 853 2257 auro,
1091 2177 1151 2242 105

82 2356 87 2362 A
182 2276 304 2340 Insidias
319 2277 434 2361 prodet,
448 2275 702 2364 manifestabitque
716 2275 892 2338 latentem.'
1044 2355 1046 2358 ι

184 2370 245 2435 Sed
259 2393 356 2457 neque
372 2371 528 2434 Dulichius
543 2372 598 2433 sub
612 2371 736 2433 Achillis
750 2371 863 2434 casside
879 2384 983 2434 vertex

183 2469 321 2531 Pondera
335 2481 416 2530 tanta
431 2467 519 2529 seret:
543 2477 672 2529 necnon
688 2489 811 2529 onerosa
829 2467 982 2552 gravisque
1020 2523 1021 2526 ,
1125 2455 1126 2462 ¹

181 2562 282 2626 Pelias
296 2585 361 2624 esse
376 2577 473 2646 potest
483 2562 652 2624 imbellibus
667 2562 751 2624 basta
764 2563 901 2625 lacertis:

183 2659 250 2723 Nec
264 2661 399 2743 clypeus,
416 2659 489 2720 vasti
502 2659 620 2721 caelatus
635 2659 763 2740 imagine
779 2659 892 2736 mundi,
1091 2663 1153 2722 110

183 2756 351 2820 Conveniet
365 2755 482 2832 timidae,
497 2769 630 2839 nataque
646 2756 684 2818 ad
698 2755 774 2818 hirta
787 2757 918 2818 sinistre.

182 2851 411 2915 Debilitaturum
427 2851 496 2937 quid
511 2865 541 2914 te
556 2852 643 2934 petie,
658 2852 801 2936 improbe,
816 2853 942 2914 munus?
1009 2883 1011 2888 v

182 2948 274 3023 Quod
290 2950 341 3012 tibi
356 2951 379 3012 si
394 2950 495 3034 populi
511 2948 661 3013 donaverit
676 2971 754 3012 error
768 2951 887 3026 Achivi,

182 3045 247 3110 Cur
261 3048 402 3130 spolieris,
417 3047 487 3122 erit;
509 3069 580 3124 non,
595 3069 648 3111 cur
662 3048 799 3110 metuaris
814 3048 851 3109 ab
865 3047 960 3110 hoste.

182 3141 223 3204 Et
239 3141 306 3224 firga
324 3141 399 3227 (qud
412 3141 476 3205 sold
489 3158 621 3220 cunctos,
638 3144 827 3219 timidissime,
844 3143 948 3229 vincis)
1090 3145 1153 3206 115

181 3238 283 3299 Tarda
298 3237 393 3300 sutura
407 3238 458 3300 tibi
472 3253 527 3315 est,
543 3240 705 3320 gestamina
719 3253 799 3301 tanta
812 3240 948 3302 trahenti.

183 3334 284 3410 Adde,
300 3334 379 3417 qubd
393 3335 447 3396 iste
462 3349 539 3412 tuus,
554 3349 615 3396 tam
629 3335 694 3397 rard
709 3336 811 3418 proelia
826 3357 938 3418 passuS,

183 3431 303 3514 Integer
314 3445 359 3495 est
372 3431 513 3515 clypeus:
532 3443 645 3507 nostro,
660 3432 709 3515 qui
724 3431 783 3494 tela
798 3431 918 3495 serendo
978 3477 980 3482 .
