2604 4216
600 342 706 396 LIBER
725 341 745 394 1.
814 369 816 376 ι
1113 337 1149 400 ll

185 495 337 581 indejecta
350 495 446 571 ura10;
468 495 586 558 culmen
602 508 700 558 tamea
716 495 799 562 altior
814 487 899 577 hujus
957 557 959 560 .

185 593 275 657 Unde
289 594 372 676 tegit,
387 615 553 677 pressaeque
567 593 666 663 labant
679 589 744 654 sub'
749 592 861 673 gurgite
876 605 979 652 turres.
1089 595 1155 656 290
1258 665 1260 674 Ι

108 721 120 742 e
226 689 355 775 Jamque
368 713 451 752 ‘mare
466 705 497 752 et
511 691 598 760 tellus
612 689 724 753 nullum
738 689 1064 753 discrimenhabebaut.

184 789 295 851 Omnia
309 802 417 871 pontus
431 802 524 852 erant.
552 844 555 846 .
569 787 707 849 Deerant
716 807 833 870 quoque
848 787 946 848 littora-
956 801 1066 868 ponto..

184 885 323 970 Occupat
339 886 386 948 hic
400 887 524 948 collem:
546 886 655 968 cymbd
663 883 751 948 sedet
765 886 839 948 alter
853 880 976 960 idmst,

187 983 229 1046 Et
243 984 322 1046 ducit
336 999 432 1046 remos
445 983 516 1060 iilic,
530 983 581 1046 ubi
594 1005 689 1066 nuper
703 983 806 1044 ararat.

53 1145 55 1152 ,
152 1101 156 1106 ·
185 1080 240 1144 lile
255 1103 342 1165 supra
357 1097 482 1163 segetes,
497 1095 547 1142 aut
561 1102 662 1144 mersae
676 1081 804 1146 culmina
818 1080 892 1143 villa

183 1163 331 1260 Navigat:
355 1179 403 1246 hic
417 1179 533 1240 summit
547 1178 661 1260 piscem
673 1176 849 1260 deprendit
842 1197 870 1240 ιιι
886 1177 976 1238 ulmo.

186 1273 322 1358 Figitur
315 1293 344 1337 ιιι
359 1276 441 1337 viridi
458 1275 496 1360 (si
511 1275 569 1339 sors
582 1274 670 1361 tulit)
680 1277 806 1338 anchora
821 1289 920 1358 prato:

185 1375 250 1436 Aut
264 1372 395 1457 subjecta
409 1386 506 1435 terunt
520 1393 615 1436 curva
631 1373 733 1435 vineta
743 1373 857 1434 carina.

186 1470 239 1548 Et,
254 1471 343 1532 modd
358 1471 417 1554 qud
431 1471 552 1552 graciles
567 1493 686 1552 gramen.
701 1470 980 1554 carpsere‘capellae‚
1057 1493 1059 1496 ·

187 1566 276 1630 Nunc
291 1568 331 1632 ibi
346 1568 492 1632 deformes
506 1582 619 1650 ponunt
632 1590 686 1630 sua
699 1567 950 1650 corperazphocrc.

186 1663 333 1729 Mirantur
347 1666 401 1726 sub
415 1665 493 1748 aqua
505 1666 598 1740 lucos,
613 1665 769 1748 urbesque,
784 1664 945 1746 domosque

188 1761 354 1826 Nereides:
377 1763 523 1846 silvasque
537 1777 639 1826 tenent
654 1762 816 1844 delphines,
832 1776 862 1824 at
877 1761 940 1824 aitis
960 1779 962 1782 ·
1041 1766 1046 1772 ’

120 1883 128 1908 ι
187 1859 341 1930 incursant
355 1861 451 1936 ramis,
466 1861 632 1944 agitataque
647 1861 750 1925 rubera
764 1860 890 1942 pulsant.

187 1957 249 2021 Nat
262 1960 349 2042 lupus
364 1959 539 2022 intereras:
563 1958 657 2020 suiros
672 1957 754 2019 vehit
767 1957 846 2019 unda
859 1958 977 2020 leones:

188 2055 278 2144 Unda
292 2056 371 2118 vehit
384 2055 491 2138 tigres:
514 2077 570 2118 nec
585 2056 661 2118 vires
675 2054 903 2138 firlminis'aprc,

187 2153 284 2217 Crura
297 2176 353 2218 nec
369 2155 465 2216 ablato
480 2168 600 2235 prosunt
614 2153 733 2216 velocia
742 2173 841 2214 cervo.
867 2201 904 2236 :r-

188 2249 387 2334 Quaesitisque
402 2251 453 2314 diu
469 2250 561 2325 terris,
575 2249 626 2310 ubi
641 2249 735 2310 sidere
750 2249 845 2323 detur,
867 2245 888 2299 i

188 2347 223 2412 ln
237 2370 317 2410 mare
332 2347 443 2409 lassatis
460 2347 584 2410 volucris
600 2367 674 2428 vaga
689 2345 797 2431 desidit
811 2345 873 2409 alis.

188 2445 335 2507 Obruerat
349 2445 474 2509 turnuios
489 2445 631 2506 immensa
645 2443 762 2506 licentia
773 2429 868 2526 ponti,

188 2541 408 2626 Pulsabantque
423 2543 493 2604 novi
507 2557 645 2604 montana
659 2542 812 2604 cacumina
827 2541 943 2602 fluctus.

188 2637 325 2704 Maxima
339 2662 405 2723 pars
419 2639 500 2702 unda
512 2640 639 2722 rapitur:
662 2639 766 2722 quibus
780 2639 859 2700 unda
873 2637 1017 2721 pepercit,

189 2735 258 2798 Illos
272 2737 359 2817 longa
373 2737 492 2800 domant
507 2737 586 2820 inopi
601 2735 714 2822 jejunia
727 2736 818 2798 victu.
875 2773 876 2776 =
981 2757 983 2760 ·

232 2821 357 2915 Separat
372 2834 485 2897 Adnios
500 2834 608 2896 Actaeis
624 2833 733 2896 Phocis
748 2834 785 2895 ab
799 2833 884 2908 arvis,
911 2845 915 2855 ’

188 2929 284 2991 Terra
298 2929 392 3004 ferax,
406 2930 477 2992 dum
491 2944 567 2992 terra
582 2931 652 3006 suit3
675 2930 728 2992 sed
742 2943 875 3011 ternpore
890 2929 919 2989 in
934 2928 984 2990 illo

190 3026 263 3089 Pars
277 3027 375 3104 maris,
390 3040 422 3090 et
435 3028 510 3088 latus
524 3028 682 3088 subitarum
696 3047 819 3108 campus
832 3045 982 3110 aquarum.

190 3123 280 3186 Mons
294 3125 333 3187 ibi
349 3125 503 3188 verticibus
518 3124 592 3207 petit
606 3124 714 3186 arduus
728 3138 803 3186 astra
817 3125 940 3201 duobus,

157 3269 159 3276 ,
191 3220 321 3284 Nomine
336 3221 497 3283 Parnassus
500 3235 699 3306 ‚superatque
713 3223 866 3284 cacumine
881 3222 983 3284 nubes.

192 3315 253 3380 Hc
268 3319 317 3380 ubi
335 3303 500 3381 Deucalidn
517 3312 599 3436 (narp
614 3333 719 3381 caetera
733 3332 849 3382 texerat
863 3318 974 3403 aequor)

145 3471 149 3480 .
190 3413 272 3478 Cum
287 3431 419 3478 consorte
434 3417 489 3478 tori
505 3439 595 3498 parva
609 3431 670 3478 rate
689 3430 788 3478 vectus
804 3418 942 3492 adhaesit;

191 3512 358 3596 Corycidas
372 3514 528 3596 nymphas,
544 3528 573 3575 et
586 3514 705 3576 numina
719 3515 826 3576 montis
841 3515 971 3575 adorant.
1037 3507 1041 3514 ⁸
1100 3513 1171 3573 3520.
