2608 4218
599 371 721 432 ‘muse
736 371 809 425 VIII.
838 415 840 420 ,

227 520 342 585 Fistule'
356 522 518 612 dispasibus
532 522 674 605 paulatim
688 523 778 605 surgit
793 522 903 584 avenis.
942 539 943 542 ’

222 618 308 682 Tum
322 620 382 682 lino
397 620 519 700 medico,
534 627 564 681 e't
578 614 653 682 ceris
668 618 768 701 alligat
780 619 874 681 iures..
906 617 908 620 ’

226 715 329 800 Atque
343 717 383 778 ita
397 715 576 799 compositas
588 734 681 798 parvo
693 715 863 779 curvamine
874 714 985 792 flectit;

225 811 272 874 Ut
283 834 370 894 seras
384 813 534 896 imitentur
548 833 628 874 eves.
672 811 754 876 Puer
767 811 866 876 Icarus
880 803 940 873 unit

227 907 347 971 Stabat:
370 922 412 986 et,
427 909 543 990 ignarus
557 923 610 970 sua
623 930 655 970 se
670 922 793 972 tractare
808 909 928 992 pericla,

227 1004 288 1069 Ore
303 993 458 1082 renidenti,
474 1005 564 1078 nrodd
578 1025 650 1088 ques
661 1025 742 1088 'vago
754 1019 887 1083 moverat
901 1026 981 1081 aura,

226 1100 374 1184 Captubat
389 1103 519 1186 plumas:
542 1101 754 1188 flavampmodd
769 1103 877 1186 pollice
891 1123 990 1168 cerem

225 1197 372 1281 Molliboq
387 1200 512 1282 lusuque
527 1221 581 1262 suo
595 1199 726 1262 mirabile
741 1199 830 1283 patris

225 1293 508 1384 Impediebdtopus.
552 1295 715 1380 Postquam
730 1319 833 1360 manus
848 1295 950 1364 ultima
964 1295 1071 1379 coeptis
1156 1285 1160 1312 ³

225 1383 367 1476 Imposita
382 1406 446 1470 est;
466 1394 599 1475 geminas
613 1392 714 1477 opifex
729 1393 843 1456 libravit
857 1394 887 1456 in
902 1394 963 1456 ales

162 1491 170 1501 “
225 1487 294 1574 lpse
308 1513 395 1553 suum
408 1510 532 1576 corpus:
555 1491 695 1574 motique
711 1491 852 1575 pependit
866 1491 896 1552 in
912 1491 993 1553 aurit.

268 1586 388 1651 Instruit
402 1601 432 1651 et
446 1601 566 1650 neuun:
589 1587 770 1670 ‘Medioquc
785 1601 819 1649 ut
832 1587 925 1650 limite
939 1605 1049 1666 curros,

225 1683 329 1762 lcare,’
345 1685 396 1768 ait,
412 1693 420 1723 ‘
429 1706 553 1747 moneo:
576 1705 625 1762 ne,
640 1684 665 1745 si
680 1683 831 1746 demissior
844 1683 908 1760 ibis,
932 1755 934 1760 ¹

224 1781 316 1846 Unda
329 1795 431 1864 gravet
446 1802 576 1864 pcnncs;
598 1781 623 1844 si
636 1780 751 1858 celsior,
766 1780 839 1862 ignis
854 1779 966 1843 edum.

223 1878 306 1941 lnter
320 1878 568 1966 utrumque'vola.
613 1877 680 1942 Nec
695 1890 873 1962 respectare
887 1877 1016 1956 Boiiten,

223 1977 288 2038 Aut
302 1974 429 2038 Helicen
442 1973 544 2060 jubeo,
560 1975 731 2038 strictumve
745 1976 865 2038 Orionis
880 1991 993 2040 ensem.
1080 2019 1084 2026 -

134 2115 136 2120 -
223 2071 277 2134 Mc
292 2073 379 2150 duce,
393 2091 483 2156 carpe
498 2073 595 2136 viam!
640 2070 755 2136 Pariter
769 2087 916 2158 precepta
930 2073 1047 2136 volendi

223 2169 346 2246 Trudit3
369 2184 399 2232 et
412 2170 527 2252 ignotas
541 2170 672 2232 humeris
688 2169 894 2233 adcommodat
910 2171 981 2233 ales.

222 2267 304 2330 luter
315 2287 389 2348 opus
404 2266 591 2349 monitusque
606 2287 688 2348 geoae
703 2266 843 2328 maduere
858 2265 981 2329 seniles:

223 2364 265 2427 Et
279 2364 377 2449 patric
390 2361 538 2428 „tremuere
553 2383 669 2424 manus.
713 2361 807 2424 Dedit
821 2363 922 2424 oscula
936 2377 1006 2425 neto

223 2459 292 2524 Non
307 2462 413 2522 iterum
428 2457 590 2542 repetenda
603 2481 674 2521 suo:
698 2459 862 2542 pennisque
876 2459 991 2522 levatus

222 2559 303 2621 Ante
317 2558 415 2634 solat3
437 2557 596 2640 comitique
611 2557 712 2621 timet:
736 2557 817 2620 velut
832 2557 903 2634 aleS,
916 2558 953 2621 ab
966 2558 1026 2621 alto
1133 2567 1140 2574 “

223 2655 300 2729 Quae
315 2669 446 2718 teneram
461 2653 574 2737 prolem
589 2654 725 2737 producit
740 2655 769 2718 in
784 2658 853 2718 aere
863 2655 945 2718 nido.

222 2751 422 2834 Hortatusque
437 2749 539 2833 sequi3
561 2749 773 2834 damnosasque
788 2751 883 2814 erudit
898 2765 974 2815 ortes
984 2771 995 2816 :⁴

129 2913 131 2918 ,
222 2848 264 2911 Et
279 2862 379 2910 movet
394 2847 457 2930 ipse
472 2866 550 2923 suas,
565 2860 595 2909 et
609 2848 669 2910 nati
684 2849 802 2930 respicit
816 2849 888 2910 alas,

265 2945 331 3007 Hos
345 2944 460 3026 uliquis,
474 2941 601 3003 tremuli
614 2942 685 3004 dum
698 2957 798 3026 captat
813 2945 954 3007 emndine
968 2947 1075 3029 pisces,
1152 2949 1193 3012 35

222 3043 287 3106 Aut
301 3055 400 3125 pastor
414 3039 530 3115 baculo,
546 3039 658 3102 stivive
674 3041 792 3102 innixus
807 3054 910 3118 arator,

223 3139 318 3217 Vidit,
333 3153 363 3201 et
378 3137 545 3220 obstupuit:
569 3137 677 3221 quique
692 3138 802 3202 ethera
814 3160 935 3222 carpere
950 3155 1081 3224 possent,

222 3238 357 3302 Credidit
372 3258 436 3300 csse
451 3237 533 3298 deos.
579 3227 621 3298 Et
631 3235 693 3319 jam
708 3235 836 3300 Junonia
850 3237 925 3301 leve
985 3264 988 3272 ’

117 3405 122 3412 ‚
222 3337 312 3399 Parte
327 3336 432 3400 Sarnos
447 3334 572 3410 firerant,
588 3331 752 3417 Delosque,
768 3325 920 3420 Perosquc
939 3337 1064 3400 relicte:

223 3435 338 3498 Dextra
353 3433 527 3516 Lebynthos
542 3444 635 3506 erant,
652 3429 848 3516 foeoundaque
862 3435 951 3496 melle
967 3434 1136 3516 Calymne:
1152 3433 1194 3494 40

225 3529 304 3594 cun
320 3553 393 3614 puer
408 3529 510 3592 audaci
524 3527 759 3616 coepit—gaudere
775 3531 895 3606 volatu3
1227 3553 1230 3559 ’
