2608 4218
171 379 232 440 15'4
278 413 281 416 ·
553 387 737 442 flnuoluss

167 536 269 621 Atque
284 535 385 621 aliquis
400 535 498 621 positia
509 551 650 601 monstrat
664 536 725 601 sera
739 537 838 622 prelia
851 538 975 617 mensim

210 627 309 714 Pingit
324 648 354 696 et
369 634 480 716 exiguo·
492 632 640 716 Pergama
652 649 716 699 tota
728 647 820 698 mero.

168 727 254 792 ‘Hac
269 729 328 793 ibat
342 729 461 807 Simois,
476 730 525 798 hic
537 745 584 793 est
598 726 699 814 Sigeia
712 731 819 808 tellus;

210 824 269 888 Hic
285 839 404 889 steterat
418 825 528 890 Priami
542 827 622 908 regia
634 827 715 890 celsa
728 828 815 890 senis.

167 920 232 984 Illic
246 921 396 999 AEscides‚
412 922 470 984 illic
485 923 625 985 tendebat
640 921 782 1006 Ulysses:

210 1017 271 1081 Hic
285 1019 364 1082 lacer
377 1020 518 1082 admissos
532 1019 634 1092 terruit
651 1017 766 1082 Hector
777 1019 893 1120 equos!
945 1087 946 1090 ,
1054 1041 1060 1047 ’

166 1113 279 1178 Omnia
292 1135 420 1199 namque
434 1130 485 1178 tuo
500 1115 606 1192 senior,
621 1128 652 1177 te
667 1137 796 1207 querere
810 1115 909 1193 misso,

210 1210 365 1274 Retulerat
380 1205 449 1275 nato
464 1209 589 1277 Nestor:
611 1225 642 1274 at
654 1211 706 1276 illo
718 1198 801 1295 mihi.

167 1305 284 1371 Retulit
296 1321 329 1372 et
344 1307 419 1388 serro
432 1307 630 1393 Rhesumque
644 1308 822 1393 Dolonaque
835 1330 938 1386 caesos,
983 1333 986 1336 ·

209 1405 312 1491 thue
326 1408 364 1470 sit
377 1391 425 1470 hic
439 1429 542 1470 somno
558 1407 699 1522 proditus,
714 1408 774 1474 ille
771 1407 856 1472 dolo.

166 1503 267 1566 Ausus
281 1523 324 1580 ee,
339 1523 358 1566 o
372 1503 493 1574 nirniirm
500 1484 688 1588 nimiumque
690 1499 792 1566 oblite
806 1518 933 1588 tuorum,
1041 1559 1044 1561 .
1117 1493 1121 1498 ⁵

208 1600 337 1663 Thracia
351 1614 494 1682 nocturno
508 1614 629 1682 tangere
642 1613 738 1665 castra
747 1592 841 1692 dolo,

166 1695 287 1780 Totque
301 1696 388 1760 simul
402 1711 532 1759 mactare
548 1697 633 1776 vitoe,
649 1696 766 1782 adjutus
779 1698 817 1759 ab
830 1719 901 1760 uno.

210 1793 253 1855 At
268 1793 343 1855 bene
357 1807 460 1855 cautus
474 1815 549 1870 eras,
564 1807 595 1856 et
609 1816 723 1856 memor
736 1795 804 1856 ante
817 1793 890 1876 mei.

166 1886 270 1972 Usque
285 1903 365 1952 metu
381 1889 511 1951 mioudre
525 1890 623 1965 sinus;
646 1890 716 1953 dum
731 1891 824 1974 victor
838 1889 965 1975 amioum

85 2033 88 2040 i
147 1983 152 1988 ’
209 1984 316 2047 Dictus
331 2005 362 2046 es
377 1983 504 2046 Ismariis
518 1983 576 2047 iss'e
590 2005 645 2067 per
658 2003 764 2066 agrnen
779 1985 873 2068 equis.

165 2079 227 2144 Sed
241 2080 312 2142 mihi
327 2081 398 2164 quid
411 2081 532 2163 prodest
545 2081 646 2144 vestris
661 2079 784 2168 disjecta
796 2079 911 2146 lacertis

207 2175 297 2240 llios?
319 2189 360 2254 et,
374 2197 474 2238 murus
489 2177 568 2260 quod
581 2176 634 2241 suit
649 2177 728 2254 ant'e,
742 2165 858 2258 solnm?

165 2273 198 2336 Si
212 2293 329 2351 maneo,
345 2273 437 2358 qualis
451 2271 544 2358 Troji
559 2273 681 2336 durante
695 2275 870 2362 manebam3

209 2370 321 2454 Virque
336 2369 418 2446 mihi,
433 2370 555 2480 dempto
567 2370 624 2431 fine
639 2355 793 2448 carendus,
809 2371 900 2434 abes?

164 2467 271 2530 Diruta
285 2481 352 2532 sunt
366 2466 438 2548 aliis,
453 2488 502 2528 um
495 2467 589 2528 mihi
604 2465 751 2548 Pergama
764 2480 892 2546 restant;
1002 2523 1008 2530 ,

206 2563 308 2626 incola
320 2562 440 2644 captivo
454 2583 517 2645 quae
507 2541 609 2623 bove
627 2562 718 2625 victor
731 2576 803 2625 arat.

160 2659 232 2724 Jam
245 2679 330 2740 seges
345 2672 390 2720 est
403 2657 458 2731 ubi
468 2653 559 2741 Troja
574 2655 636 2746 fuit,
652 2660 869 2759 resecandaque
884 2659 958 2726 falce

205 2754 352 2821 Luxuriat-
365 2753 497 2836 Phrygio
510 2753 650 2836 sanguine
665 2755 781 2838 pinguis
796 2743 914 2821 liumus.

160 2848 403 2932 Semisepulta
376 2850 470 2914 vmim
485 2849 581 2913 curvis
596 2849 737 2918 feriuntur
750 2853 850 2937 aratris

204 2945 301 3014 Osset
324 2946 454 3010 ruinosas
468 2948 577 3012 occulit
592 2949 683 3014 herba
697 2950 811 3014 domos.

163 3040 267 3104 Victor
282 3045 370 3121 abes;
391 3066 448 3107 nec
462 3045 535 3108 scire
549 3045 631 3124 mihi,
647 3069 711 3131 quae
726 3069 814 3111 causa
828 3047 969 3126 morandi,

194 3140 267 3205 ¹Aut
282 3140 311 3202 in
327 3162 385 3224 quo
399 3142 490 3206 lateas
505 3137 615 3208 ferreus
628 3145 710 3222 orbe,
725 3144 804 3207 licet.

161 3233 305 3324 Quisquis
320 3237 357 3298 ad
372 3237 434 3302 huc
450 3239 536 3303 vertit
550 3241 735 3322 peregrinam
749 3241 844 3302 littora
859 3243 994 3326 puppim,

148 3409 150 3414 Ι
203 3331 257 3395 Ille
272 3333 344 3395 mihi
359 3333 396 3396 de
411 3347 441 3396 te
456 3336 548 3398 multa
561 3351 677 3418 rogatus
692 3336 761 3399 abit.
870 3395 871 3402 ,

161 3429 323 3513 Quamque
337 3429 388 3492 tibi
402 3429 517 3509 reddat,
532 3432 556 3493 si
570 3446 600 3494 te
615 3433 704 3495 modd
720 3433 823 3495 viderit
837 3454 972 3518 usquam,
1054 3495 1056 3502 .
1086 3439 1130 3502 55

202 3526 342 3596 Traditur
356 3527 424 3593 huic
439 3527 534 3619 digitis
548 3529 649 3594 charta
664 3541 763 3594 notata
777 3529 861 3594 meis.
