2604 4216
153 345 196 412 so
340 395 344 408 .
462 335 808 446 nasamonnnosn'on

154 501 305 586 Quodque
320 525 373 566 suo
387 503 488 586 Tagus
504 526 589 568 mnne
605 505 696 582 vehit,
711 505 775 567 fluit
790 505 913 586 ignibus,
929 525 1048 568 aurum.¹
1059 508 1136 569 250.

153 597 208 676 Et,
220 621 284 682 quae
297 598 438 662 Maeonias
451 601 775 666 celebrarantearmine
790 602 877 683 ripas,

153 693 315 758 Flumineae
330 697 463 758 volucres
478 697 576 759 medio
590 697 864 780 caluereCaystro.

152 781 238 852 Nilus
252 791 282 852 in
297 807 463 854 extremum
478 792 550 874 fugit
562 795 730 876 perterritus
744 795 855 870 orbem,

151 887 349 972 Occuluitque
366 903 466 972 caput,
482 890 560 972 quod
575 891 670 954 adhuc
685 892 766 952 latet.
810 890 897 953 Ostia
911 885 1027 974 septem

151 982 362 1048 Pulverulenta
377 999 491 1062 vacant,
506 999 622 1067 septem
636 979 698 1048 ¹sine
714 987 833 1048 flumine
843 987 950 1049 valles.
970 1045 972 1048 .
1058 991 1124 1050 255

151 1078 227 1142 Fors
242 1081 345 1145 eadem
362 1081 497 1144 Ismarios
512 1081 647 1145 Hebrum
655 1103 729 1152 cum
745 1083 903 1165 Strymone
916 1084 1017 1161 siccat,

151 1175 370 1261 Hesperiosque
382 1199 493 1253 amnes,
505 1175 657 1253 Rhenum,
669 1175 921 1262 Rhodanumque,
933 1179 1124 1262 Padumque,

150 1272 269 1357 Cuique
284 1273 338 1336 suit
352 1296 447 1336 renum
463 1274 604 1356 promissa
618 1275 759 1356 potentia,
775 1273 921 1358 Thybrin.
983 1303 985 1307 ·

149 1370 264 1433 Dissilit
278 1392 366 1434 omne
381 1370 494 1446 solum;
516 1384 708 1454 penetratque
723 1371 752 1438 in
767 1371 890 1433 Tartara
904 1371 984 1433 rimis

149 1466 279 1545 Lumen,
295 1481 325 1530 et
340 1467 483 1530 infernum
498 1481 587 1529 terret
599 1489 669 1529 cum
684 1467 809 1552 conjuge
824 1487 936 1550 regern.
1059 1468 1125 1548 260

65 1637 68 1643 ¹
150 1563 191 1626 Et
205 1585 285 1627 mare
300 1564 497 1626 contrahitur:
520 1564 661 1647 siccaeque
677 1577 722 1626 est
734 1586 856 1649 campus
871 1555 975 1640 arenae,
1058 1611 1061 1618 ι

150 1660 243 1734 Quod
258 1661 348 1724 modo
363 1675 470 1744 pontus
486 1674 558 1722 erat.
603 1660 748 1744 Quosque
764 1653 854 1734 altum
870 1673 985 1723 texerat
999 1681 1110 1744 equor,

151 1757 305 1820 Exsistunt
319 1772 444 1834 montes,
460 1773 490 1820 et
504 1779 618 1840 sparsas
633 1757 782 1840 Cycladas
797 1770 915 1838 augent.
999 1805 1001 1809 ,

149 1853 214 1916 Ima
228 1867 333 1936 petunt
347 1854 460 1936 pisces:
483 1875 539 1914 nec
554 1875 585 1914 se
600 1874 688 1935 super
702 1873 821 1936 aequora
835 1852 916 1914 curvi

150 1951 269 2012 Tollere
284 1962 438 2012 consuetas
453 1949 563 2010 audent
577 1948 730 2030 delphines
746 1949 775 2009 in
792 1969 886 2009 auras.
1059 1949 1124 2010 265

150 2046 284 2130 Corpora
299 2046 459 2131 phocamm
475 2066 590 2107 summo
604 2045 741 2128 resupina
755 2043 899 2127 profundo
947 2111 949 2116 ,

151 2142 329 2208 Exanimata
339 2141 450 2227 jacent.
495 2141 597 2224 Ipsum
613 2163 730 2225 quoque
746 2140 845 2204 Nerea
859 2139 937 2203 fama
951 2155 1007 2218 est,

154 2240 333 2323 Doridaque,
348 2253 378 2302 et
392 2253 485 2316 natas,
500 2239 605 2323 tepidis
620 2239 738 2303 latuisse
754 2239 808 2302 sub
824 2238 921 2300 antris.

150 2336 214 2399 Ter
227 2336 385 2420 Neptunus
400 2337 482 2420 aquis
495 2359 564 2400 cum
580 2350 664 2398 torvo
678 2336 797 2398 brachia
811 2337 893 2398 vultu

151 2431 300 2496 Exserere
315 2453 401 2495 ausus
416 2447 494 2494 erat:
517 2447 562 2494 ter
576 2417 638 2493 non
649 2433 715 2494 tulit
730 2432 803 2494 airis
820 2445 915 2494 estus.
1060 2434 1126 2496 270

193 2530 284 2592 Alma
299 2543 396 2590 tamen
411 2528 526 2605 Tellus,
541 2542 573 2590 ut
588 2542 650 2590 erat
665 2528 845 2590 circumdata
858 2540 960 2610 pontu,
975 2583 977 2590 ,

151 2625 231 2689 Inter
245 2633 334 2709 aquas
350 2625 456 2708 pelagi,
471 2638 635 2690 contractos
650 2625 779 2708 undique
794 2624 899 2702 fontes,

151 2722 215 2796 Qui
228 2744 261 2784 se
275 2722 464 2784 condiderant
479 2722 507 2782 in
522 2743 621 2806 opace
638 2722 750 2784 viscera
764 2722 881 2799 matris3

152 2818 274 2881 Sustulit
290 2817 446 2882 omniseros
461 2819 537 2880 collo
552 2832 638 2881 tenus
652 2818 731 2880 arida
746 2819 861 2882 vultus:
915 2809 918 2814 Δ

150 2915 359 2999 Opposuitque
374 2938 494 2980 manum
509 2915 610 2978 fronti:
643 2935 809 2999 magnoque
825 2930 952 2978 tremore
1058 2916 1124 2978 275

150 3011 260 3073 Omnia
276 3013 450 3076 concutiens
460 3014 580 3096 paulum
594 3014 742 3090 subsedit3
765 3027 795 3076 et
809 3012 893 3090 infra,
974 3005 977 3010 ’

109 3168 113 3174 .
152 3105 256 3179 Quam
270 3109 345 3170 solet
360 3131 434 3186 esse,
450 3110 520 3172 suit:
543 3111 679 3193 siccisque
695 3111 735 3172 ita
750 3131 823 3192 voce
838 3110 936 3170 locuta
948 3120 1011 3169 est:

153 3203 203 3264 ‘Si
219 3205 317 3286 placet
332 3205 400 3282 hoc,
415 3207 577 3289 meruique,
594 3208 663 3290 quid
678 3229 696 3268 ο
711 3221 761 3270 tua
776 3205 897 3268 sulmina
911 3218 1036 3282 cessant,

153 3298 276 3362 Summe
291 3301 401 3364 dedm?
423 3302 528 3366 Liceat
542 3303 676 3384 peritura
692 3303 798 3364 viribus
812 3302 898 3383 ignis,

153 3392 226 3476 Igne
241 3397 336 3480 perire
351 3413 419 3476 tuo;
442 3398 616 3482 clademque
632 3413 750 3462 auctore
765 3399 875 3461 levare.
1060 3401 1124 3464 280

154 3489 217 3554 Vix
231 3497 370 3579 equidem
385 3497 483 3588 lauces
498 3497 562 3560 haec
576 3495 638 3581 ipsa
653 3497 682 3560 in
697 3497 786 3560 verba
799 3495 934 3574 resolvo,'
