2604 4216
577 383 755 456 ‘aramve
1113 393 1154 462 'tt

188 549 248 622 cut
261 557 298 621 sis
313 567 406 640 nupta
417 553 496 632 vide,
508 553 662 618 Pandione
676 567 755 632 nata,
765 559 880 620 marito.
1095 558 1157 622 180

188 653 378 738 Degeneres:
401 654 497 716 scehts
512 667 555 716 est
570 651 664 736 pietas
678 652 707 715 in
722 652 847 738 conjuge
862 651 985 715 Tereo!

188 751 254 815 Nec
269 771 368 829 mora;
389 751 478 814 traxit
492 749 572 834 Ityn,
588 751 678 812 veluti
693 749 862 833 Gangetica
871 770 965 814 cervae
1007 825 1009 830 Ι

186 847 365 914 Lactantem
379 847 483 912 fletum
498 869 552 934 per
565 847 652 910 silvas
667 847 746 930 tigris
760 843 878 931 opacas,

187 944 290 1032 thue
305 946 411 1010 domus
426 947 489 1009 alte
504 958 618 1030 partem
632 945 756 1008 tenuere
770 957 932 1022 remotam;
1021 949 1024 956 '

188 1044 437 1127 Tendentemque
451 1061 564 1120 manus,
580 1057 610 1104 et
619 1042 682 1128 jam
696 1063 750 1106 sua
764 1042 824 1106 fata
838 1043 999 1120 videntem,
1064 1045 1069 1055 ¹
1098 1041 1158 1106 185

189 1141 285 1219 ‘Eia'
301 1155 332 1204 et
342 1141 440 1227 jam‚‘=‘
449 1139 561 1217 mater,'
576 1140 764 1218 clamantem,
780 1154 810 1203 et
824 1140 900 1202 colla
915 1154 1067 1224 petentem
1137 1175 1138 1182 κ

189 1237 270 1302 Ense
285 1237 349 1302 serit
364 1237 490 1315 Procne,
503 1236 586 1302 lateri
601 1235 661 1320 qud
674 1249 779 1320 pectus
793 1233 936 1300 adhaeret:

188 1331 257 1398 Nec
272 1336 385 1398 vultum
399 1335 513 1398 auertit.
558 1333 636 1397 Satis
649 1335 690 1397 illi
705 1331 743 1396 ad
757 1333 816 1397 lata
829 1335 878 1397 vel
896 1355 989 1398 unum

190 1431 307 1495 Vulnus
322 1449 401 1509 erat;
419 1432 555 1518 jugulum
569 1431 646 1518 ferro
659 1430 826 1494 Philomela
838 1431 968 1495 resolvit.

190 1528 328 1613 Vivaque
344 1530 451 1606 adhuc,
465 1529 627 1612 animaque
642 1529 751 1613 aliquid
761 1529 919 1606 retinentia
934 1527 1068 1592 membra
1101 1530 1160 1593 190

190 1625 353 1689 Dilaniant.
397 1626 471 1693 Pars
485 1625 553 1688 inde
567 1626 648 1688 cavis
663 1624 791 1688 exsultat
805 1625 904 1688 aenis:

189 1723 265 1786 Pars
281 1723 406 1786 renibus
420 1722 537 1785 stridet:
561 1734 680 1782 manant
694 1721 854 1804 penetralia
868 1722 947 1786 tabo.

190 1817 248 1882 His
262 1820 383 1882 adhibet
397 1819 507 1904 conjux
521 1818 653 1901 ignarum
667 1817 766 1882 Terea
779 1819 905 1882 mensis:

190 1915 232 1980 Et
246 1917 330 2001 patrii
345 1917 433 1980 moris
448 1937 562 1979 sacrum
577 1915 708 1994 mentita,
724 1917 802 2000 quod
818 1918 868 1980 uni
916 1971 918 1980 ,

191 2013 251 2077 Fas
264 2015 303 2077 sit
315 2014 396 2076 adire
411 2014 483 2092 viro,
497 2013 620 2076 comites
635 2011 817 2098 famulosque
832 2015 968 2078 removit.
1102 2015 1162 2079 195
1205 2085 1207 2090 ,

191 2111 275 2188 Inde,
290 2111 395 2174 sedens
410 2111 492 2188 solio,
506 2107 634 2188 Tereus,
649 2111 780 2173 sublimis
795 2111 884 2188 avito,

193 2205 348 2272 Vescitur:
371 2208 460 2291 inque
475 2227 557 2269 suam
573 2228 626 2269 sua
640 2208 753 2270 viscera
766 2209 898 2290 congerit
912 2208 1022 2271 alvum.

191 2302 350 2390 Tantaque
364 2326 425 2367 nox
440 2303 528 2366 animi
542 2318 598 2380 est,
613 2303 701 2388 ‘ltyn
715 2305 775 2367 huc
789 2305 947 2382 arcessite,'
963 2305 1049 2368 dixit.

192 2401 385 2466 Dissimulare
399 2401 501 2486 nequit
515 2400 645 2464 crudelia
663 2401 769 2484 gaudia
784 2399 920 2479 Procne;

192 2499 319 2584 Jamque
334 2522 392 2563 suae
407 2500 530 2584 cupiens
540 2499 686 2562 'exsistere
702 2499 803 2565 nuntia
817 2499 927 2578 cladis3
1101 2501 1164 2563 200

194 2599 294 2661 ‘Intus
308 2599 410 2675 hahes,
426 2597 504 2682 quod
520 2596 635 2681 poscis‚'
651 2597 702 2660 ait.
729 2607 733 2612 '
746 2595 954 2683 Circumspicit
969 2597 1029 2676 ille,

193 2697 295 2782 Atque
309 2697 360 2760 ubi
374 2697 410 2760 sit
425 2696 537 2780 querit.
584 2693 748 2772 Quaerenti,
763 2695 928 2780 iterumque
943 2695 1070 2773 vocanti,

193 2793 276 2858 Sicut
291 2807 355 2856 erat
368 2793 476 2876 sparsis
490 2793 583 2856 frtriali
596 2792 678 2856 caede
692 2791 814 2875 capillis,

193 2889 334 2967 Prosiliit,
349 2889 491 2972 Ityosque
506 2903 597 2973 eaput
610 2887 778 2951 Philomela
791 2901 946 2951 cruentum
1038 2881 1043 2898 ‘

154 3001 157 3006 “
193 2983 279 3049 Misit
293 2986 323 3048 in
337 3005 389 3048 ora
402 2985 508 3068 patris:
531 3007 588 3048 nec
602 2998 736 3066 tempore
750 2984 853 3046 maluit
866 2983 927 3046 ullo
1103 2989 1167 3051 205

193 3083 289 3146 Posse
304 3080 396 3166 loqui,
409 3096 441 3144 et
456 3081 567 3143 meritis
581 3080 680 3143 testari
695 3079 801 3162 gaudia
817 3080 911 3143 dictis.
974 3087 976 3091 ’
1045 3112 1048 3120 ·

236 3180 383 3243 Thracius
398 3178 506 3261 ingenti
522 3199 638 3241 mensas
652 3178 780 3240 clamore
795 3179 920 3262 repellit,

196 3276 400 3364 vipereasque
414 3277 474 3339 ciet
488 3275 647 3360 Stygiaue
661 3275 737 3338 valle
752 3295 881 3340 sorores:

196 3371 238 3443 Et
251 3373 350 3452 modd,
365 3374 389 3436 si
404 3373 505 3458 possit,
520 3388 648 3437 reserato
663 3387 783 3458 pectore
799 3373 874 3437 diras

196 3469 327 3553 Egerere
343 3472 409 3534 iude
425 3472 527 3555 dapes,
542 3472 734 3555 demersaque
746 3473 858 3534 viscera
871 3473 976 3553 gestit:
1106 3473 1171 3537 210

197 3565 268 3631 Flet
281 3569 380 3647 modo,
394 3589 486 3654 seque
502 3583 588 3631 vocat
602 3570 721 3632 bustum
736 3568 900 3631 miserabile
914 3569 993 3630 nati:

522 3669 542 3727 7
552 3666 571 3706 t
