2608 4218
156 361 219 436 ΠΩ,
586 364 696 423 raert

194 521 334 602 Surgunt.
379 519 430 582 Ex
444 519 499 582 iltis
513 520 606 582 altera
620 520 713 605 major
727 533 804 584 erat:

151 617 193 682 Et
207 618 343 701 gravibus
358 617 445 680 ramis
460 630 555 680 totum
570 629 739 700 protexerat
757 613 876 694 orbem,-

194 714 427 798 contigeratque
442 715 521 778 nove
534 715 628 776 sidera
642 736 758 777 sumana
771 713 875 778 mini..
970 748 972 750 ·
1003 739 1005 745 ·

151 811 234 876 Face
248 833 333 874 meus
348 811 457 874 fernim
472 822 592 895 patmus
607 811 725 874 molitur
739 811 769 873 in
784 811 865 886 illua,

193 908 499 991 Terreorudmonitu,
513 929 623 992 corque
638 908 742 970 timore
756 908 856 972 micat.

151 1004 260 1068 Martia
271 999 364 1069 Picus
379 1007 441 1068 avis
456 1006 574 1088 gemino
588 1025 643 1088 pro
656 1004 756 1087 stipite
772 1017 913 1087 pugnent,

193 1102 236 1166 Et
249 1102 358 1186 Lupa:
381 1116 444 1165 tuta
458 1123 512 1186 per
525 1103 580 1164 hos
593 1115 717 1184 utraque
732 1101 831 1183 palma
845 1100 921 1163 suit.'
971 1117 975 1120 ’

151 1198 296 1262 Dixerat:
319 1212 351 1261 et
365 1200 484 1284 plenam
498 1221 557 1260 non
571 1197 661 1261 firmis
675 1197 785 1259 viribus
800 1219 902 1260 urnam

194 1295 329 1358 Sustulit.
373 1293 526 1378 implerat,
542 1295 614 1356 dum
628 1315 682 1356 sua
696 1295 759 1356 visa
769 1293 870 1356 refert.
939 1335 941 1344 a

151 1391 269 1455 Interea
282 1405 434 1456 crescente
450 1391 561 1468 Remo,
576 1403 732 1456 crescente
741 1381 884 1469 Quirino,
991 1423 993 1428 v
1042 1389 1048 1404 '⁴

195 1488 333 1553 Pondere
346 1489 461 1552 uoetesti
472 1487 567 1552 Silvia
580 1499 675 1552 mater
688 1501 761 1550 erat.

153 1577 292 1672 Haeclu'bi
306 1587 444 1669 cognovit
459 1599 647 1670 contemptor
661 1573 802 1647 Amulius
815 1585 901 1668 equi,

197 1683 292 1770 (Nam
307 1698 404 1770 raptas
417 1684 496 1747 fiatri
511 1685 604 1747 victor
618 1683 745 1746 habebat
758 1681 849 1767 opes)
915 1693 919 1695 ’
958 1724 963 1728 -

153 1781 271 1846 Auserri
282 1781 369 1866 jussit
384 1766 500 1865 parvos,
515 1781 591 1844 etin
606 1797 693 1844 amne
709 1769 825 1842 necari'

111 1907 116 1911 ·
197 1876 280 1952 Quid
295 1878 387 1942 sucis?
409 1898 450 1940 ex
465 1879 526 1940 istis
541 1877 690 1951 Romulus
706 1879 779 1957 alter
792 1877 858 1938 erit.

153 1975 242 2037 Jussa
254 1989 423 2037 recusantes
438 1988 581 2058 peragunt
595 1973 762 2056 lacrymose
776 1973 915 2036 ministri:

196 2071 288 2134 Flent
301 2085 413 2148 tamen,
429 2085 459 2133 et
474 2071 607 2153 geminos
622 2071 652 2133 in
667 2071 733 2134 loca
743 2071 825 2157 jussa
839 2069 947 2132 ferunt.

153 2169 276 2246 utputa,
293 2189 381 2252 quem
395 2167 518 2230 Tiberin
533 2177 647 2232 mersus
661 2167 821 2230 Tiberinus
830 2167 865 2230 in
878 2167 960 2230 undit
983 2169 986 2175 ’

197 2265 362 2342 Reddidit3
383 2265 511 2328 hibernis
525 2264 605 2328 sou'e-
615 2266 748 2332 tumebat
763 2265 855 2349 aquis.
997 2347 1000 2353 r

155 2361 226 2425 Huc
241 2363 291 2425 ubi
306 2375 463 2439 venerunt,
479 2381 535 2424 nee
546 2361 610 2446 jam
625 2362 787 2447 procedere
802 2374 925 2445 possunt

197 2457 331 2540 longius
344 2481 356 2534 ;‘
376 2479 416 2521 ex
430 2458 489 2520 illis
502 2479 588 2534 unus,
605 2479 641 2520 an
657 2459 740 2534 alter,
755 2459 817 2520 ait:

156 2555 217 2618 ‘At
232 2557 321 2638 quam
336 2569 403 2617 sunt
418 2555 526 2616 similes
539 2555 547 2616 Ξ
571 2568 600 2616 at
616 2545 704 2637 quam
719 2553 862 2618 fonnosus
876 2555 1020 2641 uterque!

197 2651 270 2714 Plus
285 2665 384 2714 tamen
400 2671 437 2712 ex
454 2650 509 2712 illis
524 2651 578 2713 iate
594 2651 700 2733 vigoris
715 2651 816 2715 hebet.
838 2659 842 2666 '

156 2749 187 2812 Si
203 2770 296 2830 genus
311 2748 555 2830 arguitur'vultu3
580 2747 624 2834 (ui
639 2748 711 2812 fallit
725 2749 839 2837 imago)

198 2843 310 2908 Nescio
326 2867 415 2929 quem
431 2845 513 2908 vobis
527 2847 661 2930 suspicor
673 2869 739 2909 esse
754 2848 855 2914 deum.

156 2949 200 3011 At
215 2950 239 3011 si
254 2950 319 3032 quis
335 2963 436 3012 vestrae
453 2949 526 3011 deus
542 2964 619 3012 esset
633 2950 751 3032 originis
766 2965 887 3031 auctor3
988 2977 991 2979 >

199 3045 233 3107 ln
249 3059 309 3108 tam
324 3046 466 3130 precipiti
481 3057 615 3130 tempore
630 3046 718 3112 ferret
732 3065 834 3132 opem.
860 3103 865 3112 .

150 3133 262 3205 Ferret
276 3165 365 3225 opem
381 3144 472 3220 certe,
487 3145 511 3205 ai
526 3166 584 3207 non
599 3166 657 3230 ope
672 3159 767 3209 mater
780 3159 899 3228 egeret:

200 3237 279 3312 Quae
293 3239 370 3302 saeta
384 3255 429 3302 est
443 3260 503 3303 uno
517 3249 656 3305 meteret
670 3243 743 3304 orba
757 3243 815 3304 die.

157 3334 236 3398 Nata
250 3335 347 3412 simul,
362 3337 600 3419 periture‘aimul,
615 3339 701 3402 simul
715 3340 755 3400 ite
770 3339 932 3402 subundas

200 3432 357 3517 Corpora.'
402 3433 558 3510 Desierat3
580 3434 775 3519 deposuitque
790 3435 865 3497 sinu.

158 3528 321 3614 Vagieruut
335 3531 463 3594 clamore
478 3531 557 3616 pari:
581 3533 688 3596 sentire
702 3547 831 3620 putares.
