2604 4216
478 403 824 458 METAMORPHOSEON

534 647 685 752 trena
710 685 753 748 v.
825 627 827 630 ⁵

334 887 477 946 ramus
497 903 541 945 aa
556 885 648 946 'sucu
670 901 706 944 in
728 899 808 960 saxa
831 899 964 943 auram.
1001 893 1004 900 ¹

610 1084 642 1124 v.
659 1065 691 1166 l.¹

164 1229 306 1316 Dumque
321 1251 357 1294 ea
371 1229 552 1316 Cephenrim
566 1229 664 1292 medio
678 1229 832 1291 Danielus
846 1229 934 1292 heros

163 1325 292 1408 Agmine
307 1341 536 1404 commemorat3
558 1326 674 1390 lremitu
685 1325 797 1408 regalia
811 1327 901 1388 turbe

164 1423 249 1512 Atria
261 1424 464 1508 complentur:
487 1445 543 1486 nec
556 1422 731 1508 conjugialia
746 1421 820 1496 festa

165 1511 228 1593 Qui
243 1535 339 1599 canat,
355 1535 400 1584 est
413 1521 523 1584 clamor
531 1543 541 1601 3
561 1519 616 1583 sed
630 1519 680 1606 qui
696 1517 890 1584 seranunciet
904 1537 995 1582 anna.

162 1615 257 1702 Inque
272 1618 440 1701 repentinos
454 1617 591 1682 conviva
605 1638 689 1680 versa
702 1612 845 1680 tumultus

163 1715 349 1778 Adsimulare
365 1715 439 1778 lreto
454 1717 564 1800 possis:
588 1716 665 1799 quod
682 1735 759 1778 sava
774 1715 907 1798 quietum

163 1807 329 1874 Ventorum
343 1811 437 1874 rabies
451 1814 538 1874 motis
552 1819 709 1895 exasperat
723 1811 819 1874 undis.
883 1832 885 1840 ’

204 1906 321 1970 Primus
336 1909 365 1970 in
380 1908 426 1970 his
440 1907 583 1985 Phineus,
597 1908 667 1970 belli
681 1908 851 1970 temerarius
866 1920 977 1986 auctor,

162 1991 342 2066 fraxineam
357 2004 489 2088 quatiens
504 2016 596 2066 aeratae
610 2003 739 2087 cuspidis
753 2005 884 2082 hastam
907 2017 910 2022 ’

163 2097 251 2176 ‘Em'
267 2100 318 2177 ait,
334 2107 390 2162 ‘en
405 2096 507 2164 adsum
522 2113 670 2184 prereptae
685 2099 817 2184 conjugis
832 2100 918 2162 ultor.
1092 2102 1133 2164 10

161 2193 229 2258 Nec
243 2197 313 2259 mihi
329 2209 359 2260 te
374 2219 488 2281 penna,
503 2219 560 2260 nec
575 2195 679 2259 salsum
695 2217 795 2258 versus
810 2196 840 2258 in
855 2217 958 2260 aunam

160 2290 288 2374 Jupiter,
302 2293 448 2377 eripient!
493 2293 623 2357 Conanti
636 2292 753 2356 mittere
768 2292 922 2376 Cepheus,

161 2387 264 2461 ‘Quid
277 2389 347 2453 sacis
357 2391 387 2453 l'
409 2390 573 2453 exclamat:
598 2397 680 2472 ‘quae
694 2402 736 2466 te,
750 2409 900 2470 germane,
915 2387 1061 2451 furentem
1113 2395 1114 2402 ’

160 2479 249 2548 Mens
264 2487 323 2568 agit
336 2486 366 2548 in
380 2485 513 2548 bainus?
557 2483 710 2547 Meritisne
724 2485 787 2546 haec
802 2485 894 2566 gratia
907 2485 995 2548 tantis

159 2579 327 2644 Redditur?
350 2581 407 2646 hdc
423 2581 512 2644 vitam
526 2581 646 2644 servatae
661 2582 731 2645 dote
745 2578 903 2664 rependis?
1091 2583 1132 2648 15

159 2675 261 2749 Quam
276 2675 328 2739 tibi
342 2699 401 2739 non
416 2676 554 2756 Perseus,
570 2685 672 2741 rerum
693 2677 717 2740 si
733 2678 845 2763 quaeris,
860 2679 986 2764 ademit,

159 2772 220 2834 Sed
234 2790 324 2856 grave
340 2768 504 2836 Nereidum
518 2795 639 2851 numen,
655 2773 708 2837 sed
721 2775 856 2858 corniger
870 2775 1014 2855 Ammon,

159 2867 221 2930 Sed
237 2892 301 2954 quae
317 2869 474 2933 visceribus
489 2871 625 2934 veniebat
638 2872 737 2934 bellua
752 2885 844 2956 ponto

159 2955 365 3030 Exeaturanda
378 2968 462 3031 meis.
507 2967 562 3032 lllo
576 2969 627 3032 tibi
642 2983 774 3054 tempore
788 2984 872 3054 rapta
887 2983 942 3049 est,

159 3060 233 3135 Quo
247 3065 374 3146 peritura
387 3063 451 3128 suit.
497 3063 561 3130 Nisi
576 3068 610 3145 si,
625 3067 762 3144 crudelis,
777 3067 807 3130 id
821 3069 919 3154 ipsum
1087 3071 1131 3134 ἢ)

159 3158 274 3240 Exigis,
288 3174 321 3223 ut
335 3175 454 3244 pereat:
476 3163 617 3246 luctuque
631 3163 768 3228 levabere
783 3175 892 3225 nostro.

159 3254 277 3318 Scilicet
291 3255 370 3318 haud
384 3259 453 3340 satis
469 3271 523 3335 est,
538 3259 627 3343 qubd‚
642 3272 672 3321 te
687 3271 850 3342 spectante,
864 3259 995 3323 revincta
1008 3272 1072 3340 θεῖς
1086 3263 1088 3268 ’

159 3351 200 3414 Et
214 3353 322 3414 nullam
339 3353 419 3437 qubd
433 3375 521 3438 opem
536 3367 655 3440 patruus
670 3377 832 3440 sponsusve
845 3355 956 3419 tulisti:

158 3445 292 3534 Insuper,
307 3467 324 3510 a
339 3469 487 3534 quoquam
502 3451 580 3538 qubd
595 3452 631 3516 sit
646 3465 771 3552 servata,
786 3452 916 3533 dolebis3
