2604 4216
159 375 203 441 60
324 440 326 445 ,
468 383 813 438 uernuonrrroseou

158 535 275 619 Stipite,
291 533 340 618 qui
354 533 452 596 medii
465 535 577 618 positus
591 533 719 598 fumabat
734 535 762 598 in
778 533 857 612 auli,

158 630 307 711 Perculit3
329 644 359 693 et
374 631 470 694 fractis
484 631 616 694 confudit
629 619 658 694 ii
672 633 784 696 ossibus
798 650 859 694 ora.
902 621 909 635 ’
932 652 937 656 ’

158 725 248 789 Hunc
263 728 313 790 ubi
327 727 458 790 laudatos
469 723 630 812 jactantem
645 728 828 810 insanguine
844 727 942 790 vultus

157 822 297 905 Assyrius
312 824 383 887 vidit
396 823 543 906 Lycabas,
555 824 753 908 junctissimus
767 824 808 886 illi
985 817 987 820 ¹
1082 825 1128 888 60

158 917 201 980 Et
214 941 324 998 comes,
339 934 369 983 et
391 919 452 982 veri
466 941 524 983 non
540 921 733 985 dissimulator
746 921 851 983 amoris
863 941 872 997 3
926 917 928 925 ’

158 1015 321 1100 Postquam
336 1017 524 1080 exhalantem
537 1017 592 1078 sub
606 1018 711 1080 acerbo
727 1017 847 1079 vulnere
862 1017 951 1079 vitam

158 1111 334 1195 Deploravit
348 1114 462 1189 Athin3
485 1133 556 1196 quos
571 1113 619 1174 ille
634 1107 808 1190 tetenderat,
824 1135 907 1176 arcus

157 1210 297 1292 Adripit;
318 1224 359 1286 et,
374 1216 384 1245 ‘
398 1208 523 1272 Mecum
537 1209 588 1270 tibi
603 1209 660 1270 sint
674 1209 854 1286 certamina,'
870 1209 961 1272 dixit:

159 1303 207 1366 ‘N
209 1327 244 1367 ec
258 1305 376 1388 longum
392 1305 475 1389 pueri
489 1304 548 1367 sato
562 1305 715 1381 letabere3
738 1326 796 1389 quo
812 1307 877 1388 plus
1082 1307 1126 1369 65
1148 1335 1151 1342 ¹

102 1449 104 1460 ,
158 1399 289 1479 Invidiae,
304 1403 392 1485 qu'am
406 1402 510 1479 laudis,
525 1401 638 1463 habes?
682 1396 757 1464 Haec
771 1403 869 1464 omnia
883 1403 1013 1466 nondum

159 1496 302 1561 Dixerat:
326 1498 446 1561 emicuit
459 1519 551 1562 nervo
565 1498 744 1581 penetrabile
759 1499 870 1561 telum:

160 1593 365 1680 Vitatumque,
379 1595 477 1658 tamen
493 1595 611 1658 sinuosis
625 1609 706 1657 veste
722 1596 873 1678 pependit.

160 1689 258 1754 Vertit
272 1693 300 1754 in
316 1694 394 1756 hunc
402 1693 531 1776 harpen,
546 1706 709 1776 spectatam
723 1692 803 1754 cade
817 1689 968 1768 Medusae,¹

158 1788 387 1866 Acrisioniades,
402 1789 549 1873 adigitque
564 1790 593 1852 in
609 1803 723 1873 pectus.
768 1789 811 1850 At
825 1789 874 1850 ille
997 1785 1000 1793 ’
1082 1792 1126 1852 70

159 1883 178 1944 J
181 1885 379 1959 ammoriens,
394 1885 484 1946 oculis
499 1885 553 1945 sub
568 1899 655 1946 nocte
671 1884 833 1946 natantibus
848 1885 920 1960 atrii,

159 1977 378 2064 circumspexit
393 1981 503 2042 Athin:
526 2000 617 2063 seque
633 1980 788 2042 adclinavit
802 1980 831 2042 in
846 1981 948 2042 illum:
1026 1985 1029 1990 “

159 2075 200 2138 Et
215 2077 280 2138 tulit
295 2075 331 2138 ad
346 2097 447 2138 manes
457 2075 566 2160 junctae
580 2076 681 2138 solatia
695 2077 805 2138 mortis.

202 2173 268 2236 Nec
282 2173 414 2236 Phineus
429 2195 515 2234 ausus
529 2189 701 2236 concurrere
715 2174 847 2237 cominus
861 2174 948 2252 hosti,
1151 2241 1158 2245 ,

159 2269 310 2354 latorquet
320 2271 470 2357 jacrdum:
494 2270 571 2354 quod
587 2271 691 2334 detulit
705 2291 784 2334 error
797 2271 826 2333 in
843 2270 927 2348 Idan,
1082 2274 1126 2334 75

159 2367 325 2452 Expertem
340 2367 445 2430 srustri
457 2368 538 2445 belli,
553 2381 582 2430 et
596 2381 700 2430 neutra
713 2389 793 2430 arma
810 2382 970 2431 secutum..

159 2464 213 2526 llle
229 2479 314 2527 tuens
328 2465 419 2527 oculis
434 2465 577 2527 immitem
591 2463 707 2527 Phinea
720 2466 819 2541 torvis,

160 2560 430 2644 ‘Quandoquidem
445 2559 474 2622 in
490 2559 607 2644 partes,'
623 2560 673 2636 ait,
684 2569 694 2598 ‘
704 2562 862 2637 abstrahor,
873 2560 985 2643 accipe,
996 2555 1125 2638 Phineu,

159 2657 263 2730 Quem
278 2657 372 2720 seolsti
386 2657 512 2732 hostem,
527 2677 676 2741 pensaque
692 2659 748 2720 hoc
764 2659 884 2720 vulnere
900 2657 1034 2720 vulnus.’

159 2752 286 2838 Jamque
301 2755 470 2817 remissurus
485 2766 609 2816 tractum
624 2754 661 2815 de
676 2775 797 2837 corpore
812 2755 904 2816 telum
1083 2755 1127 2816 80

160 2849 307 2931 Sanguine
323 2850 452 2914 desectos
466 2850 572 2913 cecidit
586 2851 731 2935 collapsus
744 2851 775 2931 in
790 2866 877 2914 artus.
1002 2859 1004 2866 “

173 2943 177 2952 ’
202 2945 263 3008 Ηιο
278 2969 395 3032 quoque
410 2946 590 3030 Cephenum
605 2962 671 3031 post
685 2969 785 3030 regem
800 2949 910 3032 primus
924 2945 1030 3010 Odites

160 3043 241 3106 Ense
253 3044 333 3128 jacet
348 3044 509 3128 Clymeni:
532 3042 695 3108 Protenora
709 3046 832 3128 perculit
847 3044 1008 3128 Hypseus:

160 3140 287 3224 Hypsea
301 3131 462 3224 Lyncides.
506 3139 577 3204 Fuit
592 3155 622 3203 et
636 3143 806 3224 grandevus
820 3142 850 3204 in
864 3142 919 3204 illis

160 3237 331 3316 Emathion,
347 3239 423 3322 aequi
437 3239 542 3313 cultor,
558 3238 733 3322 timidusque
748 3239 890 3300 deorum:
1083 3239 1128 3302 85

160 3333 263 3420 Quem
279 3336 417 3420 quoniam
431 3334 587 3418 prohibent
602 3336 669 3397 anni
685 3336 804 3413 bellare,
819 3335 968 3418 loquendo
1034 3409 1039 3420 „

160 3431 298 3514 Pugnat3
319 3446 350 3495 et
364 3432 491 3508 incessit,
506 3431 704 3515 scelerataque
720 3432 848 3494 devovet
866 3453 956 3494 anna.

161 3524 241 3592 Huic
255 3529 394 3594 Chromis
407 3529 547 3614 amplexo
560 3530 691 3592 tremulis
705 3529 805 3592 altaria
818 3528 922 3612 palmis
