<?xml version="1.0" encoding="UTF-8"?>
<!DOCTYPE html PUBLIC "-//W3C//DTD XHTML 1.0 Transitional//EN"
    "http://www.w3.org/TR/xhtml1/DTD/xhtml1-transitional.dtd">
<html xmlns="http://www.w3.org/1999/xhtml" xml:lang="en" lang="en">
 <head>
  <title>
</title>
<meta http-equiv="Content-Type" content="text/html;charset=utf-8" />
  <meta name='ocr-system' content='tesseract 3.04.00' />
  <meta name='ocr-capabilities' content='ocr_page ocr_carea ocr_par ocr_line ocrx_word'/>
</head>
<body>
  <div class='ocr_page' id='page_1' title='image "./excerptaexscrip04ovidgoog_0151.png"; bbox 0 0 2608 4218; ppageno 0'>
   <div class='ocr_carea' id='block_1_1' title="bbox 79 367 834 436">
    <p class='ocr_par' dir='ltr' id='par_1_1' title="bbox 79 367 834 436">
     <span class='ocr_line' id='line_1_1' title="bbox 79 367 834 436; baseline -0.007 -5"><span class='ocrx_word' id='word_1_1' title='bbox 79 405 83 412; x_wconf 93' lang='lat'>·</span> <span class='ocrx_word' id='word_1_2' title='bbox 170 367 234 432; x_wconf 69' lang='grc'>136</span> <span class='ocrx_word' id='word_1_3' title='bbox 478 370 834 436; x_wconf 65' lang='lat' dir='ltr'>Mnnmtonrnosnort.</span> 
     </span>
    </p>
   </div>
   <div class='ocr_carea' id='block_1_2' title="bbox 69 523 1198 3621">
    <p class='ocr_par' dir='ltr' id='par_1_2' title="bbox 69 523 1287 3621">
     <span class='ocr_line' id='line_1_2' title="bbox 170 523 868 610; baseline -0.001 -20"><span class='ocrx_word' id='word_1_4' title='bbox 170 523 251 590; x_wconf 82' lang='lat' dir='ltr'>cnm</span> <span class='ocrx_word' id='word_1_5' title='bbox 266 547 379 590; x_wconf 86' lang='lat' dir='ltr'>memor</span> <span class='ocrx_word' id='word_1_6' title='bbox 393 525 446 589; x_wconf 88' lang='lat' dir='ltr'>has</span> <span class='ocrx_word' id='word_1_7' title='bbox 461 527 546 610; x_wconf 85' lang='lat' dir='ltr'>pinus</span> <span class='ocrx_word' id='word_1_8' title='bbox 561 527 641 590; x_wconf 81' lang='lat' dir='ltr'>ideo</span> <span class='ocrx_word' id='word_1_9' title='bbox 655 527 868 590; x_wconf 73' lang='lat' dir='ltr'>vertiee&#39;eaesas</span> 
     </span>
     <span class='ocr_line' id='line_1_3' title="bbox 168 621 1153 707; baseline 0.002 -21"><span class='ocrx_word' id='word_1_10' title='bbox 168 621 279 687; x_wconf 70' lang='lat' dir='ltr'>Sancta</span> <span class='ocrx_word' id='word_1_11' title='bbox 293 624 381 686; x_wconf 80' lang='lat' dir='ltr'>detim</span> <span class='ocrx_word' id='word_1_12' title='bbox 397 626 534 706; x_wconf 82' lang='lat' dir='ltr'>genitrix,</span> <span class='ocrx_word' id='word_1_13' title='bbox 545 625 698 688; x_wconf 87' lang='lat' dir='ltr'>tinnitibus</span> <span class='ocrx_word' id='word_1_14' title='bbox 714 625 783 689; x_wconf 70' lang='lat' dir='ltr'>adra</span> <span class='ocrx_word' id='word_1_15' title='bbox 797 624 872 707; x_wconf 87' lang='lat' dir='ltr'>pulsi</span> <span class='ocrx_word' id='word_1_16' title='bbox 1150 703 1153 706; x_wconf 10' lang='grc'><strong><em>1</em></strong></span> 
     </span>
     <span class='ocr_line' id='line_1_4' title="bbox 169 717 1112 806; baseline 0.002 -24"><span class='ocrx_word' id='word_1_17' title='bbox 169 720 260 796; x_wconf 83' lang='lat' dir='ltr'>AEn‘s,</span> <span class='ocrx_word' id='word_1_18' title='bbox 275 735 310 782; x_wconf 90' lang='lat' dir='ltr'>et</span> <span class='ocrx_word' id='word_1_19' title='bbox 319 721 587 806; x_wconf 86' lang='lat' dir='ltr'>inflatieomplevit</span> <span class='ocrx_word' id='word_1_20' title='bbox 601 743 750 784; x_wconf 91' lang='lat' dir='ltr'>murmure</span> <span class='ocrx_word' id='word_1_21' title='bbox 765 722 847 784; x_wconf 81' lang='lat' dir='ltr'>buxi.</span> <span class='ocrx_word' id='word_1_22' title='bbox 1067 717 1072 724; x_wconf 76' lang='grc'><strong>’</strong></span> <span class='ocrx_word' id='word_1_23' title='bbox 1110 757 1112 762; x_wconf 82' lang='grc'><em>·</em></span> 
     </span>
     <span class='ocr_line' id='line_1_5' title="bbox 171 810 1145 901; baseline 0.005 -22"><span class='ocrx_word' id='word_1_24' title='bbox 171 816 289 901; x_wconf 83' lang='lat' dir='ltr'>Perque</span> <span class='ocrx_word' id='word_1_25' title='bbox 303 819 386 881; x_wconf 81' lang='lat' dir='ltr'>leves</span> <span class='ocrx_word' id='word_1_26' title='bbox 400 820 517 884; x_wconf 84' lang='lat' dir='ltr'>domitis</span> <span class='ocrx_word' id='word_1_27' title='bbox 531 820 649 882; x_wconf 86' lang='lat' dir='ltr'>invecta</span> <span class='ocrx_word' id='word_1_28' title='bbox 658 811 796 891; x_wconf 77' lang='lat' dir='ltr'>¹leonibus</span> <span class='ocrx_word' id='word_1_29' title='bbox 805 835 933 896; x_wconf 46' lang='lat' dir='ltr'>&#39;antasss</span> <span class='ocrx_word' id='word_1_30' title='bbox 1007 810 1009 814; x_wconf 33' lang='lat'>⁸</span> <span class='ocrx_word' id='word_1_31' title='bbox 1100 821 1145 884; x_wconf 81' lang='lat'>30</span> 
     </span>
     <span class='ocr_line' id='line_1_6' title="bbox 169 911 811 998; baseline 0.005 -25"><span class='ocrx_word' id='word_1_32' title='bbox 169 911 270 974; x_wconf 84' lang='lat' dir='ltr'>‘Irrita</span> <span class='ocrx_word' id='word_1_33' title='bbox 284 913 427 996; x_wconf 75' lang='lat' dir='ltr'>sacrilegi.</span> <span class='ocrx_word' id='word_1_34' title='bbox 436 914 532 998; x_wconf 83' lang='lat' dir='ltr'>jactas</span> <span class='ocrx_word' id='word_1_35' title='bbox 547 913 682 976; x_wconf 86' lang='lat' dir='ltr'>incendia</span> <span class='ocrx_word' id='word_1_36' title='bbox 696 913 811 990; x_wconf 66' lang='lat' dir='ltr'>dextri,</span> 
     </span>
     <span class='ocr_line' id='line_1_7' title="bbox 111 1001 1096 1095; baseline 0.004 -23"><span class='ocrx_word' id='word_1_37' title='bbox 111 1039 115 1056; x_wconf 79' lang='lat'>=</span> <span class='ocrx_word' id='word_1_38' title='bbox 163 1007 293 1088; x_wconf 66' lang='lat' dir='ltr'>&#39;sume&#39;</span> <span class='ocrx_word' id='word_1_39' title='bbox 310 1011 359 1074; x_wconf 90' lang='lat' dir='ltr'>ait.</span> <span class='ocrx_word' id='word_1_40' title='bbox 385 1071 388 1076; x_wconf 88' lang='grc'>,</span> <span class='ocrx_word' id='word_1_41' title='bbox 405 1011 575 1095; x_wconf 82' lang='lat' dir='ltr'>‘Eripiam3</span> <span class='ocrx_word' id='word_1_42' title='bbox 598 1029 664 1087; x_wconf 88' lang='lat' dir='ltr'>nee,</span> <span class='ocrx_word' id='word_1_43' title='bbox 681 1031 729 1072; x_wconf 89' lang='lat' dir='ltr'>me</span> <span class='ocrx_word' id='word_1_44' title='bbox 744 1011 886 1093; x_wconf 89' lang='lat' dir='ltr'>patiente,</span> <span class='ocrx_word' id='word_1_45' title='bbox 900 1013 1042 1076; x_wconf 73' lang='lat' dir='ltr'><strong>cremabit</strong></span> <span class='ocrx_word' id='word_1_46' title='bbox 1072 1001 1096 1050; x_wconf 77' lang='grc'>·’</span> 
     </span>
     <span class='ocr_line' id='line_1_8' title="bbox 167 1105 981 1192; baseline 0.004 -23"><span class='ocrx_word' id='word_1_47' title='bbox 167 1105 248 1189; x_wconf 85' lang='lat' dir='ltr'>ignis</span> <span class='ocrx_word' id='word_1_48' title='bbox 262 1110 341 1171; x_wconf 85' lang='lat' dir='ltr'>edax-</span> <span class='ocrx_word' id='word_1_49' title='bbox 354 1131 507 1172; x_wconf 86' lang='lat' dir='ltr'>nemorum</span> <span class='ocrx_word' id='word_1_50' title='bbox 524 1123 620 1192; x_wconf 86' lang='lat' dir='ltr'>partes</span> <span class='ocrx_word' id='word_1_51' title='bbox 634 1120 665 1171; x_wconf 88' lang='lat' dir='ltr'>et</span> <span class='ocrx_word' id='word_1_52' title='bbox 679 1109 812 1170; x_wconf 87' lang='lat' dir='ltr'>membra</span> <span class='ocrx_word' id='word_1_53' title='bbox 825 1109 981 1172; x_wconf 66' lang='lat' dir='ltr'>meorum!</span> 
     </span>
     <span class='ocr_line' id='line_1_9' title="bbox 169 1203 875 1288; baseline 0.003 -22"><span class='ocrx_word' id='word_1_54' title='bbox 169 1203 296 1268; x_wconf 75' lang='lat' dir='ltr'><strong>Intonuit</strong></span> <span class='ocrx_word' id='word_1_55' title='bbox 312 1207 428 1276; x_wconf 83' lang='lat' dir='ltr'>dicente</span> <span class='ocrx_word' id='word_1_56' title='bbox 442 1205 516 1268; x_wconf 82' lang='lat' dir='ltr'>det:</span> <span class='ocrx_word' id='word_1_57' title='bbox 540 1205 737 1288; x_wconf 77' lang='lat' dir='ltr'>tonitrumque</span> <span class='ocrx_word' id='word_1_58' title='bbox 752 1205 845 1270; x_wconf 80' lang='lat' dir='ltr'>secuti</span> <span class='ocrx_word' id='word_1_59' title='bbox 874 1241 875 1244; x_wconf 33' lang='lat'>¹</span> 
     </span>
     <span class='ocr_line' id='line_1_10' title="bbox 168 1302 1144 1388; baseline 0 -18"><span class='ocrx_word' id='word_1_60' title='bbox 168 1302 248 1370; x_wconf 89' lang='lat' dir='ltr'>Cum</span> <span class='ocrx_word' id='word_1_61' title='bbox 265 1308 386 1369; x_wconf 82' lang='lat' dir='ltr'><strong>saliente</strong></span> <span class='ocrx_word' id='word_1_62' title='bbox 401 1327 507 1388; x_wconf 82' lang='lat' dir='ltr'>graves</span> <span class='ocrx_word' id='word_1_63' title='bbox 518 1305 687 1369; x_wconf 85' lang='lat' dir='ltr'>ceciderunt</span> <span class='ocrx_word' id='word_1_64' title='bbox 702 1306 842 1387; x_wconf 81' lang='lat' dir='ltr'>grandine</span> <span class='ocrx_word' id='word_1_65' title='bbox 856 1306 964 1368; x_wconf 86' lang='lat' dir='ltr'>nimbi:</span> <span class='ocrx_word' id='word_1_66' title='bbox 1098 1305 1144 1372; x_wconf 77' lang='lat'>35</span> 
     </span>
     <span class='ocr_line' id='line_1_11' title="bbox 166 1403 954 1488; baseline 0.004 -22"><span class='ocrx_word' id='word_1_67' title='bbox 166 1403 318 1488; x_wconf 69' lang='lat' dir='ltr'>Aeraque,</span> <span class='ocrx_word' id='word_1_68' title='bbox 332 1418 362 1466; x_wconf 91' lang='lat' dir='ltr'>et</span> <span class='ocrx_word' id='word_1_69' title='bbox 377 1405 477 1467; x_wconf 87' lang='lat' dir='ltr'>subitis</span> <span class='ocrx_word' id='word_1_70' title='bbox 492 1404 638 1466; x_wconf 89' lang='lat' dir='ltr'>tumidum</span> <span class='ocrx_word' id='word_1_71' title='bbox 652 1404 840 1484; x_wconf 79' lang='lat' dir='ltr'>eoneursibus</span> <span class='ocrx_word' id='word_1_72' title='bbox 855 1425 954 1488; x_wconf 79' lang='lat' dir='ltr'>equor</span> 
     </span>
     <span class='ocr_line' id='line_1_12' title="bbox 87 1500 850 1585; baseline -0.003 -21"><span class='ocrx_word' id='word_1_73' title='bbox 87 1517 88 1528; x_wconf 60' lang='lat'>¹</span> <span class='ocrx_word' id='word_1_74' title='bbox 168 1501 273 1564; x_wconf 76' lang='lat' dir='ltr'>Astraei</span> <span class='ocrx_word' id='word_1_75' title='bbox 288 1502 414 1579; x_wconf 79' lang='lat' dir='ltr'>turbent,</span> <span class='ocrx_word' id='word_1_76' title='bbox 429 1515 460 1564; x_wconf 91' lang='lat' dir='ltr'>et</span> <span class='ocrx_word' id='word_1_77' title='bbox 475 1515 546 1566; x_wconf 84' lang='lat' dir='ltr'>eunt</span> <span class='ocrx_word' id='word_1_78' title='bbox 561 1501 591 1563; x_wconf 90' lang='lat' dir='ltr'>in</span> <span class='ocrx_word' id='word_1_79' title='bbox 607 1500 721 1585; x_wconf 80' lang='lat' dir='ltr'>proelia,</span> <span class='ocrx_word' id='word_1_80' title='bbox 738 1501 850 1562; x_wconf 83' lang='lat' dir='ltr'>batres.</span> 
     </span>
     <span class='ocr_line' id='line_1_13' title="bbox 170 1589 963 1683; baseline 0 -23"><span class='ocrx_word' id='word_1_81' title='bbox 170 1597 198 1660; x_wconf 82' lang='grc' dir='ltr'>Ε</span> <span class='ocrx_word' id='word_1_82' title='bbox 213 1589 317 1683; x_wconf 83' lang='lat' dir='ltr'>quibus</span> <span class='ocrx_word' id='word_1_83' title='bbox 332 1600 409 1662; x_wconf 82' lang='lat' dir='ltr'>alme</span> <span class='ocrx_word' id='word_1_84' title='bbox 423 1621 540 1683; x_wconf 89' lang='lat' dir='ltr'>parens,</span> <span class='ocrx_word' id='word_1_85' title='bbox 554 1599 640 1676; x_wconf 81' lang='lat' dir='ltr'>unius</span> <span class='ocrx_word' id='word_1_86' title='bbox 655 1598 763 1660; x_wconf 88' lang='lat' dir='ltr'>viribus</span> <span class='ocrx_word' id='word_1_87' title='bbox 778 1621 856 1674; x_wconf 52' lang='lat' dir='ltr'>usas</span> <span class='ocrx_word' id='word_1_88' title='bbox 960 1621 963 1628; x_wconf 55' lang='lat'>¹</span> 
     </span>
     <span class='ocr_line' id='line_1_14' title="bbox 167 1681 925 1780; baseline -0.004 -21"><span class='ocrx_word' id='word_1_89' title='bbox 167 1695 282 1780; x_wconf 86' lang='lat' dir='ltr'>Stupea</span> <span class='ocrx_word' id='word_1_90' title='bbox 296 1698 464 1780; x_wconf 84' lang='lat' dir='ltr'>praemmpit</span> <span class='ocrx_word' id='word_1_91' title='bbox 479 1681 618 1779; x_wconf 83' lang='lat' dir='ltr'>Phrygiae</span> <span class='ocrx_word' id='word_1_92' title='bbox 634 1696 793 1761; x_wconf 83' lang='lat' dir='ltr'>retinacula</span> <span class='ocrx_word' id='word_1_93' title='bbox 807 1696 925 1768; x_wconf 77' lang='lat' dir='ltr'>elassis:</span> 
     </span>
     <span class='ocr_line' id='line_1_15' title="bbox 166 1789 1140 1877; baseline 0.003 -24"><span class='ocrx_word' id='word_1_94' title='bbox 166 1789 298 1876; x_wconf 81' lang='lat' dir='ltr'>Fertque</span> <span class='ocrx_word' id='word_1_95' title='bbox 313 1807 390 1856; x_wconf 87' lang='lat' dir='ltr'>rates</span> <span class='ocrx_word' id='word_1_96' title='bbox 405 1815 521 1876; x_wconf 80' lang='lat' dir='ltr'>pronas,</span> <span class='ocrx_word' id='word_1_97' title='bbox 538 1794 695 1876; x_wconf 89' lang='lat' dir='ltr'>medioque</span> <span class='ocrx_word' id='word_1_98' title='bbox 709 1793 764 1856; x_wconf 90' lang='lat' dir='ltr'>sub</span> <span class='ocrx_word' id='word_1_99' title='bbox 778 1814 893 1877; x_wconf 72' lang='lat' dir='ltr'>«equore</span> <span class='ocrx_word' id='word_1_100' title='bbox 908 1793 1025 1874; x_wconf 82' lang='lat' dir='ltr'>mergit.</span> <span class='ocrx_word' id='word_1_101' title='bbox 1098 1796 1140 1856; x_wconf 78' lang='lat' dir='ltr'>tu</span> 
     </span>
     <span class='ocr_line' id='line_1_16' title="bbox 165 1885 1061 1973; baseline 0.001 -23"><span class='ocrx_word' id='word_1_102' title='bbox 165 1885 287 1951; x_wconf 86' lang='lat' dir='ltr'>Robore</span> <span class='ocrx_word' id='word_1_103' title='bbox 302 1891 424 1964; x_wconf 90' lang='lat' dir='ltr'>mollito,</span> <span class='ocrx_word' id='word_1_104' title='bbox 440 1891 577 1973; x_wconf 85' lang='lat' dir='ltr'>lignoque</span> <span class='ocrx_word' id='word_1_105' title='bbox 592 1891 621 1952; x_wconf 93' lang='lat' dir='ltr'>in</span> <span class='ocrx_word' id='word_1_106' title='bbox 636 1901 759 1972; x_wconf 80' lang='lat' dir='ltr'>corpora</span> <span class='ocrx_word' id='word_1_107' title='bbox 774 1885 869 1966; x_wconf 89' lang='lat' dir='ltr'>verso,</span> <span class='ocrx_word' id='word_1_108' title='bbox 972 1941 1007 1962; x_wconf 9' lang='grc' dir='ltr'>,η</span> <span class='ocrx_word' id='word_1_109' title='bbox 1060 1905 1061 1911; x_wconf 76' lang='grc'>’</span> 
     </span>
     <span class='ocr_line' id='line_1_17' title="bbox 138 1983 1076 2068; baseline 0 -20"><span class='ocrx_word' id='word_1_110' title='bbox 138 1983 200 2048; x_wconf 87' lang='lat' dir='ltr'>·ln</span> <span class='ocrx_word' id='word_1_111' title='bbox 216 1986 346 2068; x_wconf 87' lang='lat' dir='ltr'>capitum</span> <span class='ocrx_word' id='word_1_112' title='bbox 361 1985 467 2048; x_wconf 80' lang='lat' dir='ltr'>faciem</span> <span class='ocrx_word' id='word_1_113' title='bbox 482 2006 598 2068; x_wconf 88' lang='lat' dir='ltr'>puppes</span> <span class='ocrx_word' id='word_1_114' title='bbox 614 1998 763 2047; x_wconf 87' lang='lat' dir='ltr'>mutantur</span> <span class='ocrx_word' id='word_1_115' title='bbox 777 1987 926 2048; x_wconf 80' lang='lat' dir='ltr'>aduneaez.</span> <span class='ocrx_word' id='word_1_116' title='bbox 965 1990 968 1994; x_wconf 87' lang='grc'><strong>’</strong></span> <span class='ocrx_word' id='word_1_117' title='bbox 1010 2055 1013 2062; x_wconf 53' lang='grc'><strong><em>,</em></strong></span> <span class='ocrx_word' id='word_1_118' title='bbox 1073 2029 1076 2033; x_wconf 85' lang='lat'>-</span> 
     </span>
     <span class='ocr_line' id='line_1_18' title="bbox 164 2071 861 2164; baseline 0 -20"><span class='ocrx_word' id='word_1_119' title='bbox 164 2081 200 2144; x_wconf 90' lang='lat' dir='ltr'>In</span> <span class='ocrx_word' id='word_1_120' title='bbox 216 2083 320 2164; x_wconf 83' lang='lat' dir='ltr'>digitos</span> <span class='ocrx_word' id='word_1_121' title='bbox 335 2081 454 2158; x_wconf 90' lang='lat' dir='ltr'>abeunt,</span> <span class='ocrx_word' id='word_1_122' title='bbox 471 2095 502 2144; x_wconf 91' lang='lat' dir='ltr'>et</span> <span class='ocrx_word' id='word_1_123' title='bbox 515 2103 600 2144; x_wconf 85' lang='lat' dir='ltr'>crura</span> <span class='ocrx_word' id='word_1_124' title='bbox 614 2071 757 2159; x_wconf 59' lang='lat' dir='ltr'>natantia</span> <span class='ocrx_word' id='word_1_125' title='bbox 769 2083 861 2144; x_wconf 86' lang='lat' dir='ltr'>remi:</span> 
     </span>
     <span class='ocr_line' id='line_1_19' title="bbox 164 2179 1129 2265; baseline 0.002 -23"><span class='ocrx_word' id='word_1_126' title='bbox 164 2179 318 2264; x_wconf 81' lang='lat' dir='ltr'>Quodque</span> <span class='ocrx_word' id='word_1_127' title='bbox 333 2181 412 2265; x_wconf 79' lang='lat' dir='ltr'>priits</span> <span class='ocrx_word' id='word_1_128' title='bbox 427 2179 532 2257; x_wconf 88' lang='lat' dir='ltr'>fuerat,</span> <span class='ocrx_word' id='word_1_129' title='bbox 546 2181 622 2242; x_wconf 85' lang='lat' dir='ltr'>latus</span> <span class='ocrx_word' id='word_1_130' title='bbox 637 2193 698 2244; x_wconf 86' lang='lat' dir='ltr'>est:</span> <span class='ocrx_word' id='word_1_131' title='bbox 722 2181 884 2265; x_wconf 82' lang='lat' dir='ltr'>mediisque</span> <span class='ocrx_word' id='word_1_132' title='bbox 899 2182 998 2244; x_wconf 82' lang='lat' dir='ltr'>carina</span> <span class='ocrx_word' id='word_1_133' title='bbox 1077 2205 1078 2208; x_wconf 44' lang='lat'>¹</span> <span class='ocrx_word' id='word_1_134' title='bbox 1124 2207 1129 2214; x_wconf 47' lang='grc'>·“</span> 
     </span>
     <span class='ocr_line' id='line_1_20' title="bbox 164 2277 1140 2362; baseline 0.001 -21"><span class='ocrx_word' id='word_1_135' title='bbox 164 2277 287 2344; x_wconf 83' lang='lat' dir='ltr'>Subdita</span> <span class='ocrx_word' id='word_1_136' title='bbox 301 2278 434 2362; x_wconf 79' lang='lat' dir='ltr'>navigiis,</span> <span class='ocrx_word' id='word_1_137' title='bbox 450 2279 540 2362; x_wconf 81' lang='lat' dir='ltr'>spinae</span> <span class='ocrx_word' id='word_1_138' title='bbox 555 2291 684 2344; x_wconf 80' lang='lat' dir='ltr'>mutatur.</span> <span class='ocrx_word' id='word_1_139' title='bbox 698 2278 840 2349; x_wconf 75' lang='lat' dir='ltr'>inusum,</span> <span class='ocrx_word' id='word_1_140' title='bbox 1097 2280 1140 2342; x_wconf 78' lang='lat'>45</span> 
     </span>
     <span class='ocr_line' id='line_1_21' title="bbox 164 2375 854 2452; baseline -0.003 -14"><span class='ocrx_word' id='word_1_141' title='bbox 164 2375 241 2438; x_wconf 85' lang='lat' dir='ltr'>Lina</span> <span class='ocrx_word' id='word_1_142' title='bbox 255 2399 347 2440; x_wconf 72' lang='lat' dir='ltr'>comte</span> <span class='ocrx_word' id='word_1_143' title='bbox 362 2377 476 2452; x_wconf 86' lang='lat' dir='ltr'>molles,</span> <span class='ocrx_word' id='word_1_144' title='bbox 493 2389 625 2438; x_wconf 83' lang='lat' dir='ltr'>antennae</span> <span class='ocrx_word' id='word_1_145' title='bbox 641 2375 758 2438; x_wconf 72' lang='lat' dir='ltr'>brachia</span> <span class='ocrx_word' id='word_1_146' title='bbox 772 2376 854 2436; x_wconf 87' lang='lat' dir='ltr'>fiunt.</span> 
     </span>
     <span class='ocr_line' id='line_1_22' title="bbox 163 2469 1081 2556; baseline 0.001 -21"><span class='ocrx_word' id='word_1_147' title='bbox 163 2471 309 2549; x_wconf 82' lang='lat' dir='ltr'>Caerulus,</span> <span class='ocrx_word' id='word_1_148' title='bbox 323 2486 356 2534; x_wconf 94' lang='lat' dir='ltr'>ut</span> <span class='ocrx_word' id='word_1_149' title='bbox 372 2472 475 2547; x_wconf 78' lang='lat' dir='ltr'>fuerat,</span> <span class='ocrx_word' id='word_1_150' title='bbox 490 2470 571 2533; x_wconf 90' lang='lat' dir='ltr'>color</span> <span class='ocrx_word' id='word_1_151' title='bbox 585 2485 639 2532; x_wconf 89' lang='lat' dir='ltr'>est.</span> <span class='ocrx_word' id='word_1_152' title='bbox 685 2469 830 2556; x_wconf 74' lang='lat' dir='ltr'>Quasque</span> <span class='ocrx_word' id='word_1_153' title='bbox 845 2471 913 2534; x_wconf 77' lang='lat' dir='ltr'>ante</span> <span class='ocrx_word' id='word_1_154' title='bbox 928 2472 1081 2549; x_wconf 81' lang='lat' dir='ltr'>timebant,</span> 
     </span>
     <span class='ocr_line' id='line_1_23' title="bbox 164 2567 847 2649; baseline -0.003 -18"><span class='ocrx_word' id='word_1_155' title='bbox 164 2569 233 2631; x_wconf 84' lang='lat' dir='ltr'>Illas</span> <span class='ocrx_word' id='word_1_156' title='bbox 249 2569 385 2649; x_wconf 84' lang='lat' dir='ltr'>virgineis</span> <span class='ocrx_word' id='word_1_157' title='bbox 401 2581 543 2628; x_wconf 85' lang='lat' dir='ltr'>exercent</span> <span class='ocrx_word' id='word_1_158' title='bbox 557 2567 667 2628; x_wconf 87' lang='lat' dir='ltr'>lusibus</span> <span class='ocrx_word' id='word_1_159' title='bbox 682 2568 775 2629; x_wconf 80' lang='lat' dir='ltr'>nudas</span> <span class='ocrx_word' id='word_1_160' title='bbox 844 2616 847 2622; x_wconf 33' lang='lat' dir='ltr'><strong>f</strong></span> 
     </span>
     <span class='ocr_line' id='line_1_24' title="bbox 164 2664 935 2748; baseline -0.003 -20"><span class='ocrx_word' id='word_1_161' title='bbox 164 2664 278 2728; x_wconf 81' lang='lat' dir='ltr'>Naides</span> <span class='ocrx_word' id='word_1_162' title='bbox 293 2685 452 2748; x_wconf 79' lang='lat' dir='ltr'>equoreae:</span> <span class='ocrx_word' id='word_1_163' title='bbox 475 2664 613 2747; x_wconf 84' lang='lat' dir='ltr'>durisque</span> <span class='ocrx_word' id='word_1_164' title='bbox 628 2664 656 2726; x_wconf 89' lang='lat' dir='ltr'>in</span> <span class='ocrx_word' id='word_1_165' title='bbox 672 2665 820 2726; x_wconf 89' lang='lat' dir='ltr'>montibus</span> <span class='ocrx_word' id='word_1_166' title='bbox 834 2679 903 2726; x_wconf 80' lang='lat' dir='ltr'>orta</span> <span class='ocrx_word' id='word_1_167' title='bbox 933 2666 935 2669; x_wconf 76' lang='grc'><strong>’</strong></span> 
     </span>
     <span class='ocr_line' id='line_1_25' title="bbox 162 2761 1138 2844; baseline 0.001 -19"><span class='ocrx_word' id='word_1_168' title='bbox 162 2762 257 2826; x_wconf 80' lang='lat' dir='ltr'>Molle</span> <span class='ocrx_word' id='word_1_169' title='bbox 272 2761 378 2824; x_wconf 88' lang='lat' dir='ltr'>fretum</span> <span class='ocrx_word' id='word_1_170' title='bbox 393 2762 562 2824; x_wconf 84' lang='lat' dir='ltr'>celebrant:</span> <span class='ocrx_word' id='word_1_171' title='bbox 586 2783 642 2824; x_wconf 87' lang='lat' dir='ltr'>nec</span> <span class='ocrx_word' id='word_1_172' title='bbox 657 2783 775 2837; x_wconf 78' lang='lat' dir='ltr'>eassua</span> <span class='ocrx_word' id='word_1_173' title='bbox 789 2763 881 2844; x_wconf 83' lang='lat' dir='ltr'>tangit</span> <span class='ocrx_word' id='word_1_174' title='bbox 896 2763 987 2844; x_wconf 85' lang='lat' dir='ltr'>origo.</span> <span class='ocrx_word' id='word_1_175' title='bbox 1094 2767 1138 2826; x_wconf 84' lang='lat'>50</span> 
     </span>
     <span class='ocr_line' id='line_1_26' title="bbox 163 2857 1094 2943; baseline 0 -21"><span class='ocrx_word' id='word_1_176' title='bbox 163 2857 232 2922; x_wconf 82' lang='lat' dir='ltr'>Non</span> <span class='ocrx_word' id='word_1_177' title='bbox 249 2874 348 2922; x_wconf 89' lang='lat' dir='ltr'>tamen</span> <span class='ocrx_word' id='word_1_178' title='bbox 364 2859 470 2935; x_wconf 80' lang='lat' dir='ltr'>oblite,</span> <span class='ocrx_word' id='word_1_179' title='bbox 487 2860 576 2943; x_wconf 73' lang='lat' dir='ltr'>quim</span> <span class='ocrx_word' id='word_1_180' title='bbox 591 2859 684 2922; x_wconf 88' lang='lat' dir='ltr'>muita</span> <span class='ocrx_word' id='word_1_181' title='bbox 699 2860 827 2943; x_wconf 85' lang='lat' dir='ltr'>pericula</span> <span class='ocrx_word' id='word_1_182' title='bbox 843 2881 921 2922; x_wconf 73' lang='lat' dir='ltr'>saevo</span> <span class='ocrx_word' id='word_1_183' title='bbox 1085 2857 1094 2872; x_wconf 80' lang='grc'><strong>’</strong></span> 
     </span>
     <span class='ocr_line' id='line_1_27' title="bbox 163 2955 945 3041; baseline 0.006 -22"><span class='ocrx_word' id='word_1_184' title='bbox 163 2955 342 3020; x_wconf 82' lang='lat' dir='ltr'>Penuterint</span> <span class='ocrx_word' id='word_1_185' title='bbox 358 2957 474 3040; x_wconf 78' lang='lat' dir='ltr'>pelago,</span> <span class='ocrx_word' id='word_1_186' title='bbox 485 2956 602 3041; x_wconf 84' lang='lat' dir='ltr'>jactatis</span> <span class='ocrx_word' id='word_1_187' title='bbox 617 2979 695 3040; x_wconf 84' lang='lat' dir='ltr'>saepe</span> <span class='ocrx_word' id='word_1_188' title='bbox 710 2958 814 3020; x_wconf 86' lang='lat' dir='ltr'>carinis</span> <span class='ocrx_word' id='word_1_189' title='bbox 943 3021 945 3024; x_wconf 84' lang='grc'><strong>,</strong></span> 
     </span>
     <span class='ocr_line' id='line_1_28' title="bbox 159 3049 982 3138; baseline -0.001 -21"><span class='ocrx_word' id='word_1_190' title='bbox 159 3049 355 3136; x_wconf 73' lang='lat' dir='ltr'>‚supposuere</span> <span class='ocrx_word' id='word_1_191' title='bbox 371 3076 492 3116; x_wconf 90' lang='lat' dir='ltr'>manus:</span> <span class='ocrx_word' id='word_1_192' title='bbox 516 3055 570 3118; x_wconf 91' lang='lat' dir='ltr'>nisi</span> <span class='ocrx_word' id='word_1_193' title='bbox 585 3055 609 3118; x_wconf 88' lang='lat' dir='ltr'>si</span> <span class='ocrx_word' id='word_1_194' title='bbox 624 3075 682 3138; x_wconf 87' lang='lat' dir='ltr'>qua</span> <span class='ocrx_word' id='word_1_195' title='bbox 698 3055 825 3117; x_wconf 86' lang='lat' dir='ltr'>vehebat</span> <span class='ocrx_word' id='word_1_196' title='bbox 840 3056 982 3118; x_wconf 86' lang='lat' dir='ltr'>Achivos.</span> 
     </span>
     <span class='ocr_line' id='line_1_29' title="bbox 161 3149 1023 3235; baseline 0.001 -21"><span class='ocrx_word' id='word_1_197' title='bbox 161 3149 265 3214; x_wconf 86' lang='lat' dir='ltr'>Cladis</span> <span class='ocrx_word' id='word_1_198' title='bbox 280 3149 377 3212; x_wconf 84' lang='lat' dir='ltr'>adhue</span> <span class='ocrx_word' id='word_1_199' title='bbox 391 3151 530 3233; x_wconf 79' lang='lat' dir='ltr'>Phrygiae</span> <span class='ocrx_word' id='word_1_200' title='bbox 545 3169 701 3228; x_wconf 82' lang='lat' dir='ltr'>memores,</span> <span class='ocrx_word' id='word_1_201' title='bbox 717 3151 807 3214; x_wconf 79' lang='lat' dir='ltr'>oddre</span> <span class='ocrx_word' id='word_1_202' title='bbox 823 3152 976 3235; x_wconf 74' lang='lat' dir='ltr'>Pelasgos·</span> <span class='ocrx_word' id='word_1_203' title='bbox 1020 3195 1023 3200; x_wconf 93' lang='lat'>-</span> 
     </span>
     <span class='ocr_line' id='line_1_30' title="bbox 205 3247 1161 3330; baseline 0.002 -22"><span class='ocrx_word' id='word_1_204' title='bbox 205 3247 281 3329; x_wconf 86' lang='lat' dir='ltr'>Spes</span> <span class='ocrx_word' id='word_1_205' title='bbox 297 3262 368 3323; x_wconf 89' lang='lat' dir='ltr'>erat,</span> <span class='ocrx_word' id='word_1_206' title='bbox 379 3248 412 3308; x_wconf 91' lang='lat' dir='ltr'>in</span> <span class='ocrx_word' id='word_1_207' title='bbox 428 3248 576 3330; x_wconf 85' lang='lat' dir='ltr'>nymphas</span> <span class='ocrx_word' id='word_1_208' title='bbox 590 3247 718 3310; x_wconf 68' lang='lat' dir='ltr'>animati</span> <span class='ocrx_word' id='word_1_209' title='bbox 731 3249 824 3310; x_wconf 80' lang='lat' dir='ltr'>classe</span> <span class='ocrx_word' id='word_1_210' title='bbox 839 3249 975 3326; x_wconf 80' lang='lat' dir='ltr'>marinas,</span> <span class='ocrx_word' id='word_1_211' title='bbox 1093 3251 1136 3310; x_wconf 82' lang='lat'>55</span> <span class='ocrx_word' id='word_1_212' title='bbox 1157 3269 1161 3277; x_wconf 59' lang='lat'><strong><em>¹</em></strong></span> 
     </span>
     <span class='ocr_line' id='line_1_31' title="bbox 69 3337 1198 3408; baseline -0.001 -1"><span class='ocrx_word' id='word_1_213' title='bbox 69 3371 71 3374; x_wconf 93' lang='lat'>·</span> <span class='ocrx_word' id='word_1_214' title='bbox 161 3343 255 3408; x_wconf 89' lang='lat' dir='ltr'>Posse</span> <span class='ocrx_word' id='word_1_215' title='bbox 271 3355 351 3405; x_wconf 88' lang='lat' dir='ltr'>metu</span> <span class='ocrx_word' id='word_1_216' title='bbox 368 3344 486 3405; x_wconf 86' lang='lat' dir='ltr'>monstri</span> <span class='ocrx_word' id='word_1_217' title='bbox 502 3343 649 3406; x_wconf 86' lang='lat' dir='ltr'>Rutulum</span> <span class='ocrx_word' id='word_1_218' title='bbox 664 3344 803 3406; x_wconf 85' lang='lat' dir='ltr'>desistere</span> <span class='ocrx_word' id='word_1_219' title='bbox 818 3344 906 3406; x_wconf 87' lang='lat' dir='ltr'>bello.</span> <span class='ocrx_word' id='word_1_220' title='bbox 1194 3337 1198 3342; x_wconf 78' lang='lat'>.</span> 
     </span>
     <span class='ocr_line' id='line_1_32' title="bbox 161 3439 1048 3524; baseline -0.005 -18"><span class='ocrx_word' id='word_1_221' title='bbox 161 3441 289 3516; x_wconf 87' lang='lat' dir='ltr'>Perstat,</span> <span class='ocrx_word' id='word_1_222' title='bbox 305 3441 452 3522; x_wconf 87' lang='lat' dir='ltr'>habetque</span> <span class='ocrx_word' id='word_1_223' title='bbox 468 3439 539 3503; x_wconf 89' lang='lat' dir='ltr'>deos</span> <span class='ocrx_word' id='word_1_224' title='bbox 555 3461 621 3524; x_wconf 86' lang='lat' dir='ltr'>pars</span> <span class='ocrx_word' id='word_1_225' title='bbox 636 3451 775 3523; x_wconf 87' lang='lat' dir='ltr'>utraque:</span> <span class='ocrx_word' id='word_1_226' title='bbox 801 3441 910 3524; x_wconf 88' lang='lat' dir='ltr'>quique</span> <span class='ocrx_word' id='word_1_227' title='bbox 927 3442 1048 3506; x_wconf 89' lang='lat' dir='ltr'>deorum</span> 
     </span>
     <span class='ocr_line' id='line_1_33' title="bbox 161 3536 949 3621; baseline 0 -20"><span class='ocrx_word' id='word_1_228' title='bbox 161 3537 266 3615; x_wconf 86' lang='lat' dir='ltr'>Instar,</span> <span class='ocrx_word' id='word_1_229' title='bbox 280 3538 388 3600; x_wconf 87' lang='lat' dir='ltr'>habent</span> <span class='ocrx_word' id='word_1_230' title='bbox 397 3537 525 3598; x_wconf 84' lang='lat' dir='ltr'>animos.</span> <span class='ocrx_word' id='word_1_231' title='bbox 571 3536 638 3599; x_wconf 87' lang='lat' dir='ltr'>Nee</span> <span class='ocrx_word' id='word_1_232' title='bbox 649 3537 711 3621; x_wconf 86' lang='lat' dir='ltr'>jam</span> <span class='ocrx_word' id='word_1_233' title='bbox 727 3538 835 3601; x_wconf 87' lang='lat' dir='ltr'>dotalia</span> <span class='ocrx_word' id='word_1_234' title='bbox 848 3560 949 3621; x_wconf 83' lang='lat' dir='ltr'>regna,</span> 
     </span>
    </p>
   </div>
   <div class='ocr_carea' id='block_1_3' title="bbox 0 0 1308 4218">
    <p class='ocr_par' dir='ltr' id='par_1_3' title="bbox 0 0 1308 4218">
     <span class='ocr_line' id='line_1_34' title="bbox 0 0 1308 4218; baseline 0 3"><span class='ocrx_word' id='word_1_235' title='bbox 0 0 1308 4218; x_wconf 95' lang='lat' dir='ltr'> </span> 
     </span>
    </p>
   </div>
  </div>
 </body>
</html>
