<?xml version="1.0" encoding="UTF-8"?>
<!DOCTYPE html PUBLIC "-//W3C//DTD XHTML 1.0 Transitional//EN"
    "http://www.w3.org/TR/xhtml1/DTD/xhtml1-transitional.dtd">
<html xmlns="http://www.w3.org/1999/xhtml" xml:lang="en" lang="en">
 <head>
  <title>
</title>
<meta http-equiv="Content-Type" content="text/html;charset=utf-8" />
  <meta name='ocr-system' content='tesseract 3.04.00' />
  <meta name='ocr-capabilities' content='ocr_page ocr_carea ocr_par ocr_line ocrx_word'/>
</head>
<body>
  <div class='ocr_page' id='page_1' title='image "./excerptaexscrip04ovidgoog_0063.png"; bbox 0 0 2604 4216; ppageno 0'>
   <div class='ocr_carea' id='block_1_1' title="bbox 171 347 892 436">
    <p class='ocr_par' dir='ltr' id='par_1_1' title="bbox 171 347 892 436">
     <span class='ocr_line' id='line_1_1' title="bbox 171 347 892 436; baseline -0.008 0"><span class='ocrx_word' id='word_1_1' title='bbox 171 369 213 436; x_wconf 73' lang='lat' dir='ltr'>te</span> <span class='ocrx_word' id='word_1_2' title='bbox 477 347 824 432; x_wconf 80' lang='lat' dir='ltr'>muranonrnosrcrt</span> <span class='ocrx_word' id='word_1_3' title='bbox 890 367 892 376; x_wconf 88' lang='lat'>&#39;</span> 
     </span>
    </p>
   </div>
   <div class='ocr_carea' id='block_1_2' title="bbox 110 521 1194 2652">
    <p class='ocr_par' dir='ltr' id='par_1_2' title="bbox 110 521 1194 2652">
     <span class='ocr_line' id='line_1_2' title="bbox 170 521 1018 615; baseline 0.001 -23"><span class='ocrx_word' id='word_1_4' title='bbox 170 528 312 614; x_wconf 80' lang='lat' dir='ltr'>Quidque</span> <span class='ocrx_word' id='word_1_5' title='bbox 327 527 404 592; x_wconf 79' lang='lat' dir='ltr'>fruor</span> <span class='ocrx_word' id='word_1_6' title='bbox 419 529 525 606; x_wconf 88' lang='lat' dir='ltr'>valeat,</span> <span class='ocrx_word' id='word_1_7' title='bbox 540 525 772 596; x_wconf 74' lang='lat' dir='ltr'>Penthetcaede</span> <span class='ocrx_word' id='word_1_8' title='bbox 787 521 914 615; x_wconf 67' lang='lat' dir='ltr'>satisque</span> <span class='ocrx_word' id='word_1_9' title='bbox 960 526 965 539; x_wconf 63' lang='lat'><strong><em>¹</em></strong></span> <span class='ocrx_word' id='word_1_10' title='bbox 1010 525 1018 536; x_wconf 56' lang='grc'><em>“</em></span> 
     </span>
     <span class='ocr_line' id='line_1_3' title="bbox 170 624 1194 712; baseline 0.002 -24"><span class='ocrx_word' id='word_1_11' title='bbox 170 626 217 688; x_wconf 87' lang='lat' dir='ltr'>Ac</span> <span class='ocrx_word' id='word_1_12' title='bbox 231 627 320 712; x_wconf 76' lang='lat' dir='ltr'>super</span> <span class='ocrx_word' id='word_1_13' title='bbox 334 625 469 688; x_wconf 81' lang='lat' dir='ltr'><strong>ostendit.</strong></span> <span class='ocrx_word' id='word_1_14' title='bbox 514 624 580 690; x_wconf 90' lang='lat' dir='ltr'>Cur</span> <span class='ocrx_word' id='word_1_15' title='bbox 593 647 651 693; x_wconf 90' lang='lat' dir='ltr'>non</span> <span class='ocrx_word' id='word_1_16' title='bbox 666 626 839 704; x_wconf 79' lang='lat' dir='ltr'><strong>stimuletur,</strong></span> <span class='ocrx_word' id='word_1_17' title='bbox 854 635 961 712; x_wconf 84' lang='lat' dir='ltr'>eatque</span> <span class='ocrx_word' id='word_1_18' title='bbox 985 649 990 656; x_wconf 92' lang='lat'>·</span> <span class='ocrx_word' id='word_1_19' title='bbox 1018 639 1036 662; x_wconf 54' lang='lat'><em>⁸</em></span> <span class='ocrx_word' id='word_1_20' title='bbox 1108 651 1109 654; x_wconf 44' lang='lat'>¹</span> <span class='ocrx_word' id='word_1_21' title='bbox 1183 657 1194 667; x_wconf 71' lang='lat'>„</span> 
     </span>
     <span class='ocr_line' id='line_1_4' title="bbox 168 709 1173 807; baseline 0.003 -22"><span class='ocrx_word' id='word_1_22' title='bbox 168 722 229 785; x_wconf 89' lang='lat' dir='ltr'>Per</span> <span class='ocrx_word' id='word_1_23' title='bbox 241 737 365 806; x_wconf 85' lang='lat' dir='ltr'>cognata</span> <span class='ocrx_word' id='word_1_24' title='bbox 379 724 437 786; x_wconf 88' lang='lat' dir='ltr'>suis</span> <span class='ocrx_word' id='word_1_25' title='bbox 453 724 592 807; x_wconf 85' lang='lat' dir='ltr'>exempla</span> <span class='ocrx_word' id='word_1_26' title='bbox 606 723 747 788; x_wconf 78' lang='lat' dir='ltr'>furoribus</span> <span class='ocrx_word' id='word_1_27' title='bbox 760 723 816 792; x_wconf 28' lang='lat' dir='ltr'>,Ino</span> <span class='ocrx_word' id='word_1_28' title='bbox 826 725 869 787; x_wconf 76' lang='lat' dir='ltr'>l&#39;·</span> <span class='ocrx_word' id='word_1_29' title='bbox 897 745 901 750; x_wconf 80' lang='grc'>’</span> <span class='ocrx_word' id='word_1_30' title='bbox 936 715 938 720; x_wconf 10' lang='grc' dir='ltr'>Χ</span> <span class='ocrx_word' id='word_1_31' title='bbox 1166 709 1173 717; x_wconf 53' lang='grc'><strong>’</strong></span> 
     </span>
     <span class='ocr_line' id='line_1_5' title="bbox 210 807 849 897; baseline 0 -13"><span class='ocrx_word' id='word_1_32' title='bbox 210 819 266 884; x_wconf 81' lang='lat' dir='ltr'>Est</span> <span class='ocrx_word' id='word_1_33' title='bbox 281 807 328 884; x_wconf 73' lang='lat' dir='ltr'>nia</span> <span class='ocrx_word' id='word_1_34' title='bbox 342 820 473 897; x_wconf 86' lang='lat' dir='ltr'>decliuis,</span> <span class='ocrx_word' id='word_1_35' title='bbox 488 819 604 884; x_wconf 74' lang='lat' dir='ltr'>funesti</span> <span class='ocrx_word' id='word_1_36' title='bbox 617 821 716 884; x_wconf 83' lang='lat' dir='ltr'>nubila</span> <span class='ocrx_word' id='word_1_37' title='bbox 730 831 818 884; x_wconf 79' lang='lat' dir='ltr'>taxo:</span> <span class='ocrx_word' id='word_1_38' title='bbox 847 840 849 884; x_wconf 81' lang='grc' dir='ltr'>ἰ</span> 
     </span>
     <span class='ocr_line' id='line_1_6' title="bbox 167 914 948 1001; baseline 0.001 -21"><span class='ocrx_word' id='word_1_39' title='bbox 167 917 261 988; x_wconf 84' lang='lat' dir='ltr'>Ducit</span> <span class='ocrx_word' id='word_1_40' title='bbox 275 918 312 980; x_wconf 89' lang='lat' dir='ltr'>ad</span> <span class='ocrx_word' id='word_1_41' title='bbox 326 916 451 983; x_wconf 86' lang='lat' dir='ltr'>infernas</span> <span class='ocrx_word' id='word_1_42' title='bbox 466 939 520 1001; x_wconf 89' lang='lat' dir='ltr'>per</span> <span class='ocrx_word' id='word_1_43' title='bbox 533 931 616 980; x_wconf 89' lang='lat' dir='ltr'>muta</span> <span class='ocrx_word' id='word_1_44' title='bbox 629 914 742 988; x_wconf 90' lang='lat' dir='ltr'>silentia</span> <span class='ocrx_word' id='word_1_45' title='bbox 758 919 855 992; x_wconf 83' lang='lat' dir='ltr'>sedes.</span> <span class='ocrx_word' id='word_1_46' title='bbox 873 927 880 997; x_wconf 72' lang='lat' dir='ltr'>j</span> <span class='ocrx_word' id='word_1_47' title='bbox 945 935 948 946; x_wconf 74' lang='lat'><strong>⁴</strong></span> 
     </span>
     <span class='ocr_line' id='line_1_7' title="bbox 139 1014 959 1099; baseline 0.002 -23"><span class='ocrx_word' id='word_1_48' title='bbox 139 1087 144 1098; x_wconf 68' lang='lat'>‚</span> <span class='ocrx_word' id='word_1_49' title='bbox 167 1015 245 1097; x_wconf 79' lang='lat' dir='ltr'>Styx</span> <span class='ocrx_word' id='word_1_50' title='bbox 259 1015 380 1078; x_wconf 85' lang='lat' dir='ltr'>nebulas</span> <span class='ocrx_word' id='word_1_51' title='bbox 396 1015 514 1087; x_wconf 71' lang='lat' dir='ltr'>exhalat</span> <span class='ocrx_word' id='word_1_52' title='bbox 528 1014 621 1078; x_wconf 79' lang='lat' dir='ltr'>iners:</span> <span class='ocrx_word' id='word_1_53' title='bbox 643 1016 811 1099; x_wconf 83' lang='lat' dir='ltr'>umbraeque</span> <span class='ocrx_word' id='word_1_54' title='bbox 826 1029 959 1078; x_wconf 79' lang='lat' dir='ltr'><strong>recentes</strong></span> 
     </span>
     <span class='ocr_line' id='line_1_8' title="bbox 166 1111 1136 1196; baseline 0.001 -23"><span class='ocrx_word' id='word_1_55' title='bbox 166 1111 360 1175; x_wconf 85' lang='lat' dir='ltr'>Descendunt</span> <span class='ocrx_word' id='word_1_56' title='bbox 374 1111 451 1188; x_wconf 78' lang='lat' dir='ltr'>illtc,</span> <span class='ocrx_word' id='word_1_57' title='bbox 465 1111 677 1195; x_wconf 78' lang='lat' dir='ltr'>simulacraque</span> <span class='ocrx_word' id='word_1_58' title='bbox 691 1111 791 1175; x_wconf 85' lang='lat' dir='ltr'>fimeta</span> <span class='ocrx_word' id='word_1_59' title='bbox 804 1113 955 1196; x_wconf 83' lang='lat' dir='ltr'>sepulcris.</span> <span class='ocrx_word' id='word_1_60' title='bbox 1074 1115 1136 1175; x_wconf 90' lang='grc'>115</span> 
     </span>
     <span class='ocr_line' id='line_1_9' title="bbox 110 1201 1070 1293; baseline 0.002 -23"><span class='ocrx_word' id='word_1_61' title='bbox 110 1281 112 1288; x_wconf 18' lang='grc' dir='ltr'><strong><em>Α</em></strong></span> <span class='ocrx_word' id='word_1_62' title='bbox 166 1208 270 1272; x_wconf 85' lang='lat' dir='ltr'>Pallor</span> <span class='ocrx_word' id='word_1_63' title='bbox 280 1207 444 1293; x_wconf 87' lang='lat' dir='ltr'>Hiemsque</span> <span class='ocrx_word' id='word_1_64' title='bbox 458 1213 560 1272; x_wconf 86' lang='lat' dir='ltr'>tenent</span> <span class='ocrx_word' id='word_1_65' title='bbox 573 1205 712 1292; x_wconf 72' lang='lat' dir='ltr'>latb&#39;loca</span> <span class='ocrx_word' id='word_1_66' title='bbox 726 1201 825 1277; x_wconf 80' lang='lat' dir='ltr'>senta:</span> <span class='ocrx_word' id='word_1_67' title='bbox 848 1210 986 1293; x_wconf 86' lang='lat' dir='ltr'>novique,</span> <span class='ocrx_word' id='word_1_68' title='bbox 1068 1241 1070 1252; x_wconf 46' lang='grc' dir='ltr'><strong><em>ι</em></strong></span> 
     </span>
     <span class='ocr_line' id='line_1_10' title="bbox 167 1300 1124 1394; baseline 0.004 -27"><span class='ocrx_word' id='word_1_69' title='bbox 167 1303 240 1378; x_wconf 73' lang='lat' dir='ltr'>Qut</span> <span class='ocrx_word' id='word_1_70' title='bbox 253 1307 295 1394; x_wconf 24' lang='lat' dir='ltr'>sit·</span> <span class='ocrx_word' id='word_1_71' title='bbox 304 1303 368 1383; x_wconf 88' lang='lat' dir='ltr'>iter,</span> <span class='ocrx_word' id='word_1_72' title='bbox 383 1315 494 1382; x_wconf 85' lang='lat' dir='ltr'>manes,</span> <span class='ocrx_word' id='word_1_73' title='bbox 510 1304 646 1390; x_wconf 80' lang='lat' dir='ltr'>Stygiam</span> <span class='ocrx_word' id='word_1_74' title='bbox 659 1307 739 1390; x_wconf 87' lang='lat' dir='ltr'>quod</span> <span class='ocrx_word' id='word_1_75' title='bbox 749 1307 832 1370; x_wconf 66' lang='lat' dir='ltr'>&#39;ducit</span> <span class='ocrx_word' id='word_1_76' title='bbox 847 1307 883 1370; x_wconf 90' lang='lat' dir='ltr'>ad</span> <span class='ocrx_word' id='word_1_77' title='bbox 898 1300 1010 1384; x_wconf 81' lang='lat' dir='ltr'>urbem,</span> <span class='ocrx_word' id='word_1_78' title='bbox 1035 1349 1037 1352; x_wconf 94' lang='lat'>-</span> <span class='ocrx_word' id='word_1_79' title='bbox 1118 1319 1124 1330; x_wconf 74' lang='grc'><strong>’</strong></span> 
     </span>
     <span class='ocr_line' id='line_1_11' title="bbox 166 1394 1063 1486; baseline 0.003 -22"><span class='ocrx_word' id='word_1_80' title='bbox 166 1402 319 1485; x_wconf 87' lang='lat' dir='ltr'>Ignorant:</span> <span class='ocrx_word' id='word_1_81' title='bbox 342 1404 393 1466; x_wconf 92' lang='lat' dir='ltr'>ubi</span> <span class='ocrx_word' id='word_1_82' title='bbox 407 1403 443 1466; x_wconf 90' lang='lat' dir='ltr'>sit</span> <span class='ocrx_word' id='word_1_83' title='bbox 457 1404 530 1485; x_wconf 87' lang='lat' dir='ltr'>nigri</span> <span class='ocrx_word' id='word_1_84' title='bbox 545 1402 606 1472; x_wconf 77' lang='lat' dir='ltr'>sere</span> <span class='ocrx_word' id='word_1_85' title='bbox 620 1405 700 1486; x_wconf 89' lang='lat' dir='ltr'>regia</span> <span class='ocrx_word' id='word_1_86' title='bbox 714 1404 804 1467; x_wconf 85' lang='lat' dir='ltr'>Ditis.</span> <span class='ocrx_word' id='word_1_87' title='bbox 939 1394 941 1398; x_wconf 37' lang='lat'><strong><em>¹</em></strong></span> <span class='ocrx_word' id='word_1_88' title='bbox 1007 1419 1010 1426; x_wconf 86' lang='lat'>&#39;</span> <span class='ocrx_word' id='word_1_89' title='bbox 1060 1410 1063 1417; x_wconf 82' lang='lat'>&#39;</span> 
     </span>
     <span class='ocr_line' id='line_1_12' title="bbox 151 1500 955 1587; baseline 0.001 -24"><span class='ocrx_word' id='word_1_90' title='bbox 151 1500 250 1563; x_wconf 79' lang='lat' dir='ltr'>Mille</span> <span class='ocrx_word' id='word_1_91' title='bbox 265 1523 362 1585; x_wconf 82' lang='lat' dir='ltr'>capax</span> <span class='ocrx_word' id='word_1_92' title='bbox 376 1501 481 1578; x_wconf 86' lang='lat' dir='ltr'>aditus,</span> <span class='ocrx_word' id='word_1_93' title='bbox 496 1515 526 1564; x_wconf 88' lang='lat' dir='ltr'>et</span> <span class='ocrx_word' id='word_1_94' title='bbox 541 1514 655 1585; x_wconf 86' lang='lat' dir='ltr'>apertas</span> <span class='ocrx_word' id='word_1_95' title='bbox 669 1501 798 1585; x_wconf 87' lang='lat' dir='ltr'>undique</span> <span class='ocrx_word' id='word_1_96' title='bbox 814 1515 927 1587; x_wconf 75' lang='lat' dir='ltr'>pertas</span> <span class='ocrx_word' id='word_1_97' title='bbox 943 1513 955 1564; x_wconf 69' lang='grc' dir='ltr'>ἶ</span> 
     </span>
     <span class='ocr_line' id='line_1_13' title="bbox 165 1597 1078 1682; baseline 0 -22"><span class='ocrx_word' id='word_1_98' title='bbox 165 1597 245 1661; x_wconf 89' lang='lat' dir='ltr'>Urbs</span> <span class='ocrx_word' id='word_1_99' title='bbox 259 1598 358 1662; x_wconf 86' lang='lat' dir='ltr'>habet.</span> <span class='ocrx_word' id='word_1_100' title='bbox 402 1597 508 1682; x_wconf 86' lang='lat' dir='ltr'>thue</span> <span class='ocrx_word' id='word_1_101' title='bbox 519 1597 678 1661; x_wconf 84' lang='lat' dir='ltr'>fretumde</span> <span class='ocrx_word' id='word_1_102' title='bbox 694 1598 757 1661; x_wconf 74' lang='lat' dir='ltr'>tort</span> <span class='ocrx_word' id='word_1_103' title='bbox 769 1599 895 1664; x_wconf 86' lang='lat' dir='ltr'>flumina</span> <span class='ocrx_word' id='word_1_104' title='bbox 905 1597 993 1676; x_wconf 75' lang='lat' dir='ltr'>terri,</span> <span class='ocrx_word' id='word_1_105' title='bbox 1067 1603 1078 1678; x_wconf 19' lang='lat' dir='ltr'>&#39;s</span> 
     </span>
     <span class='ocr_line' id='line_1_14' title="bbox 166 1695 1114 1782; baseline -0.003 -25"><span class='ocrx_word' id='word_1_106' title='bbox 166 1695 215 1758; x_wconf 89' lang='lat' dir='ltr'>Sic</span> <span class='ocrx_word' id='word_1_107' title='bbox 230 1718 332 1760; x_wconf 89' lang='lat' dir='ltr'>omnes</span> <span class='ocrx_word' id='word_1_108' title='bbox 346 1697 456 1760; x_wconf 87' lang='lat' dir='ltr'>animas</span> <span class='ocrx_word' id='word_1_109' title='bbox 470 1696 551 1760; x_wconf 89' lang='lat' dir='ltr'>locus</span> <span class='ocrx_word' id='word_1_110' title='bbox 567 1696 672 1782; x_wconf 87' lang='lat' dir='ltr'>accipit</span> <span class='ocrx_word' id='word_1_111' title='bbox 686 1697 753 1774; x_wconf 92' lang='lat' dir='ltr'>ille;</span> <span class='ocrx_word' id='word_1_112' title='bbox 774 1717 830 1760; x_wconf 91' lang='lat' dir='ltr'>nec</span> <span class='ocrx_word' id='word_1_113' title='bbox 844 1696 895 1760; x_wconf 89' lang='lat' dir='ltr'>ulli</span> <span class='ocrx_word' id='word_1_114' title='bbox 990 1727 996 1751; x_wconf 94' lang='lat'>·.</span> <span class='ocrx_word' id='word_1_115' title='bbox 1108 1741 1114 1754; x_wconf 82' lang='grc'><em>,</em></span> 
     </span>
     <span class='ocr_line' id='line_1_15' title="bbox 165 1783 1047 1876; baseline 0.001 -22"><span class='ocrx_word' id='word_1_116' title='bbox 165 1791 300 1874; x_wconf 80' lang='lat' dir='ltr'>Exiguus</span> <span class='ocrx_word' id='word_1_117' title='bbox 315 1795 427 1876; x_wconf 89' lang='lat' dir='ltr'>populo</span> <span class='ocrx_word' id='word_1_118' title='bbox 440 1808 496 1870; x_wconf 88' lang='lat' dir='ltr'>est,</span> <span class='ocrx_word' id='word_1_119' title='bbox 511 1783 664 1856; x_wconf 75' lang='lat' dir='ltr'>turbamus</span> <span class='ocrx_word' id='word_1_120' title='bbox 679 1794 821 1856; x_wconf 84' lang='lat' dir='ltr'>accedere</span> <span class='ocrx_word' id='word_1_121' title='bbox 835 1793 938 1860; x_wconf 72' lang='lat' dir='ltr'>sentit:</span> <span class='ocrx_word' id='word_1_122' title='bbox 1043 1786 1047 1792; x_wconf 45' lang='lat'><em>⁴</em></span> 
     </span>
     <span class='ocr_line' id='line_1_16' title="bbox 165 1888 976 1972; baseline 0.002 -22"><span class='ocrx_word' id='word_1_123' title='bbox 165 1888 450 1970; x_wconf 84' lang='lat' dir='ltr'>Errantexsaugues</span> <span class='ocrx_word' id='word_1_124' title='bbox 465 1890 529 1950; x_wconf 89' lang='lat' dir='ltr'>sine</span> <span class='ocrx_word' id='word_1_125' title='bbox 543 1910 664 1972; x_wconf 87' lang='lat' dir='ltr'>corpore</span> <span class='ocrx_word' id='word_1_126' title='bbox 680 1902 710 1951; x_wconf 91' lang='lat' dir='ltr'>et</span> <span class='ocrx_word' id='word_1_127' title='bbox 724 1890 835 1951; x_wconf 88' lang='lat' dir='ltr'>ossibus</span> <span class='ocrx_word' id='word_1_128' title='bbox 849 1890 976 1952; x_wconf 81' lang='lat' dir='ltr'>umbrae:</span> 
     </span>
     <span class='ocr_line' id='line_1_17' title="bbox 164 1985 967 2068; baseline 0 -20"><span class='ocrx_word' id='word_1_129' title='bbox 164 1985 296 2068; x_wconf 83' lang='lat' dir='ltr'>Parsque</span> <span class='ocrx_word' id='word_1_130' title='bbox 311 1985 405 2051; x_wconf 85' lang='lat' dir='ltr'>forum</span> <span class='ocrx_word' id='word_1_131' title='bbox 419 1986 581 2062; x_wconf 83' lang='lat' dir='ltr'>celebrant,</span> <span class='ocrx_word' id='word_1_132' title='bbox 594 2005 660 2068; x_wconf 90' lang='lat' dir='ltr'>pars</span> <span class='ocrx_word' id='word_1_133' title='bbox 675 1986 728 2054; x_wconf 86' lang='lat' dir='ltr'>imi</span> <span class='ocrx_word' id='word_1_134' title='bbox 741 1998 820 2048; x_wconf 86' lang='lat' dir='ltr'>tecta</span> <span class='ocrx_word' id='word_1_135' title='bbox 833 1985 967 2068; x_wconf 75' lang='lat' dir='ltr'>tyranni3</span> 
     </span>
     <span class='ocr_line' id='line_1_18' title="bbox 164 2083 907 2166; baseline -0.001 -21"><span class='ocrx_word' id='word_1_136' title='bbox 164 2083 237 2146; x_wconf 83' lang='lat' dir='ltr'>Pars</span> <span class='ocrx_word' id='word_1_137' title='bbox 252 2084 321 2146; x_wconf 87' lang='lat' dir='ltr'>alies</span> <span class='ocrx_word' id='word_1_138' title='bbox 336 2097 422 2160; x_wconf 88' lang='lat' dir='ltr'>artes,</span> <span class='ocrx_word' id='word_1_139' title='bbox 437 2083 561 2166; x_wconf 79' lang='lat' dir='ltr'>antique</span> <span class='ocrx_word' id='word_1_140' title='bbox 576 2083 741 2146; x_wconf 86' lang='lat' dir='ltr'>imitamina·</span> <span class='ocrx_word' id='word_1_141' title='bbox 751 2083 826 2161; x_wconf 76' lang='lat' dir='ltr'>vite,</span> <span class='ocrx_word' id='word_1_142' title='bbox 905 2149 907 2154; x_wconf 10' lang='grc' dir='ltr'>χ</span> 
     </span>
     <span class='ocr_line' id='line_1_19' title="bbox 164 2179 878 2265; baseline 0 -21"><span class='ocrx_word' id='word_1_143' title='bbox 164 2179 315 2244; x_wconf 79' lang='lat' dir='ltr'>Exercent</span> <span class='ocrx_word' id='word_1_144' title='bbox 323 2203 333 2258; x_wconf 73' lang='lat'>,3</span> <span class='ocrx_word' id='word_1_145' title='bbox 355 2181 442 2244; x_wconf 86' lang='lat' dir='ltr'>aliam</span> <span class='ocrx_word' id='word_1_146' title='bbox 456 2196 570 2264; x_wconf 88' lang='lat' dir='ltr'>partem</span> <span class='ocrx_word' id='word_1_147' title='bbox 584 2201 741 2265; x_wconf 81' lang='lat' dir='ltr'>suapoene</span> <span class='ocrx_word' id='word_1_148' title='bbox 750 2193 878 2244; x_wconf 84' lang='lat' dir='ltr'>coercet.</span> 
     </span>
     <span class='ocr_line' id='line_1_20' title="bbox 206 2277 821 2368; baseline -0.007 -26"><span class='ocrx_word' id='word_1_149' title='bbox 206 2277 337 2342; x_wconf 86' lang='lat' dir='ltr'>Sustinet</span> <span class='ocrx_word' id='word_1_150' title='bbox 351 2279 393 2345; x_wconf 88' lang='lat' dir='ltr'>ire</span> <span class='ocrx_word' id='word_1_151' title='bbox 407 2279 486 2356; x_wconf 91' lang='lat' dir='ltr'>illuc,</span> <span class='ocrx_word' id='word_1_152' title='bbox 500 2279 609 2342; x_wconf 84' lang='lat' dir='ltr'>celesti</span> <span class='ocrx_word' id='word_1_153' title='bbox 618 2280 692 2368; x_wconf 77' lang='lat' dir='ltr'>&#39;sede</span> <span class='ocrx_word' id='word_1_154' title='bbox 708 2277 821 2354; x_wconf 73' lang='lat' dir='ltr'>relicti,</span> 
     </span>
     <span class='ocr_line' id='line_1_21' title="bbox 165 2373 946 2462; baseline -0.003 -24"><span class='ocrx_word' id='word_1_155' title='bbox 165 2374 311 2462; x_wconf 82' lang='lat' dir='ltr'>(Tantum</span> <span class='ocrx_word' id='word_1_156' title='bbox 328 2377 400 2438; x_wconf 89' lang='lat' dir='ltr'>odiis</span> <span class='ocrx_word' id='word_1_157' title='bbox 414 2377 521 2460; x_wconf 79' lang='lat' dir='ltr'>iraeque</span> <span class='ocrx_word' id='word_1_158' title='bbox 535 2374 637 2462; x_wconf 75' lang='lat' dir='ltr'>dabat)</span> <span class='ocrx_word' id='word_1_159' title='bbox 655 2375 789 2440; x_wconf 89' lang='lat' dir='ltr'>Saturnia</span> <span class='ocrx_word' id='word_1_160' title='bbox 802 2374 893 2438; x_wconf 84' lang='lat' dir='ltr'>June.</span> <span class='ocrx_word' id='word_1_161' title='bbox 931 2373 946 2416; x_wconf 70' lang='lat' dir='ltr'>s</span> 
     </span>
     <span class='ocr_line' id='line_1_22' title="bbox 163 2472 948 2555; baseline -0.004 -20"><span class='ocrx_word' id='word_1_162' title='bbox 163 2472 236 2546; x_wconf 76' lang='lat' dir='ltr'>Qut</span> <span class='ocrx_word' id='word_1_163' title='bbox 251 2474 336 2538; x_wconf 90' lang='lat' dir='ltr'>simul</span> <span class='ocrx_word' id='word_1_164' title='bbox 351 2474 478 2554; x_wconf 79' lang='lat' dir='ltr'>intravit,</span> <span class='ocrx_word' id='word_1_165' title='bbox 491 2493 631 2555; x_wconf 87' lang='lat' dir='ltr'>sacroque</span> <span class='ocrx_word' id='word_1_166' title='bbox 646 2494 665 2534; x_wconf 91' lang='lat' dir='ltr'>a</span> <span class='ocrx_word' id='word_1_167' title='bbox 677 2491 800 2554; x_wconf 89' lang='lat' dir='ltr'>corpore</span> <span class='ocrx_word' id='word_1_168' title='bbox 815 2488 948 2553; x_wconf 88' lang='lat' dir='ltr'>pressum</span> 
     </span>
     <span class='ocr_line' id='line_1_23' title="bbox 163 2557 865 2652; baseline -0.003 -20"><span class='ocrx_word' id='word_1_169' title='bbox 163 2569 309 2652; x_wconf 82' lang='lat' dir='ltr'>ingemuit</span> <span class='ocrx_word' id='word_1_170' title='bbox 323 2557 430 2646; x_wconf 83' lang='lat' dir='ltr'>limeu3</span> <span class='ocrx_word' id='word_1_171' title='bbox 445 2570 506 2634; x_wconf 86' lang='lat' dir='ltr'>tria</span> <span class='ocrx_word' id='word_1_172' title='bbox 520 2567 668 2631; x_wconf 86' lang='lat' dir='ltr'>Cerberus</span> <span class='ocrx_word' id='word_1_173' title='bbox 683 2568 790 2630; x_wconf 85' lang='lat' dir='ltr'>extulit</span> <span class='ocrx_word' id='word_1_174' title='bbox 803 2589 865 2644; x_wconf 88' lang='lat' dir='ltr'>ora,</span> 
     </span>
    </p>
   </div>
   <div class='ocr_carea' id='block_1_3' title="bbox 50 2656 849 2732">
    <p class='ocr_par' dir='ltr' id='par_1_3' title="bbox 50 2656 849 2732">
     <span class='ocr_line' id='line_1_24' title="bbox 50 2656 849 2732; baseline -0.006 -2"><span class='ocrx_word' id='word_1_175' title='bbox 50 2656 55 2668; x_wconf 75' lang='grc'><strong>’</strong></span> <span class='ocrx_word' id='word_1_176' title='bbox 163 2665 204 2730; x_wconf 83' lang='lat' dir='ltr'>Et</span> <span class='ocrx_word' id='word_1_177' title='bbox 219 2680 277 2728; x_wconf 90' lang='lat' dir='ltr'>tres</span> <span class='ocrx_word' id='word_1_178' title='bbox 291 2668 409 2728; x_wconf 86' lang='lat' dir='ltr'>latratus</span> <span class='ocrx_word' id='word_1_179' title='bbox 423 2665 508 2727; x_wconf 91' lang='lat' dir='ltr'>simul</span> <span class='ocrx_word' id='word_1_180' title='bbox 524 2665 624 2728; x_wconf 86' lang='lat' dir='ltr'>edidit.</span> <span class='ocrx_word' id='word_1_181' title='bbox 669 2665 723 2728; x_wconf 92' lang='lat' dir='ltr'>Illa</span> <span class='ocrx_word' id='word_1_182' title='bbox 736 2685 849 2732; x_wconf 63' lang='lat' dir='ltr'>,sorores</span> 
     </span>
    </p>
   </div>
   <div class='ocr_carea' id='block_1_4' title="bbox 81 2763 1131 3624">
    <p class='ocr_par' dir='ltr' id='par_1_4' title="bbox 162 2763 1029 2948">
     <span class='ocr_line' id='line_1_25' title="bbox 162 2763 996 2846; baseline -0.002 -20"><span class='ocrx_word' id='word_1_183' title='bbox 162 2763 262 2826; x_wconf 89' lang='lat' dir='ltr'>Nocte</span> <span class='ocrx_word' id='word_1_184' title='bbox 276 2777 363 2826; x_wconf 87' lang='lat' dir='ltr'>vocat</span> <span class='ocrx_word' id='word_1_185' title='bbox 375 2763 497 2846; x_wconf 80' lang='lat' dir='ltr'>genitae,</span> <span class='ocrx_word' id='word_1_186' title='bbox 514 2784 602 2845; x_wconf 84' lang='lat' dir='ltr'>grave</span> <span class='ocrx_word' id='word_1_187' title='bbox 618 2775 648 2826; x_wconf 86' lang='lat' dir='ltr'>et</span> <span class='ocrx_word' id='word_1_188' title='bbox 663 2763 848 2846; x_wconf 85' lang='lat' dir='ltr'>implacabile</span> <span class='ocrx_word' id='word_1_189' title='bbox 863 2767 996 2826; x_wconf 56' lang='lat' dir='ltr'>numen,</span> 
     </span>
     <span class='ocr_line' id='line_1_26' title="bbox 165 2859 1029 2948; baseline -0.003 -24"><span class='ocrx_word' id='word_1_190' title='bbox 165 2859 315 2948; x_wconf 86' lang='lat' dir='ltr'>(Carceris</span> <span class='ocrx_word' id='word_1_191' title='bbox 330 2875 398 2924; x_wconf 89' lang='lat' dir='ltr'>ante</span> <span class='ocrx_word' id='word_1_192' title='bbox 412 2859 488 2923; x_wconf 88' lang='lat' dir='ltr'>sores</span> <span class='ocrx_word' id='word_1_193' title='bbox 498 2861 615 2928; x_wconf 68' lang='lat' dir='ltr'>¹clausas</span> <span class='ocrx_word' id='word_1_194' title='bbox 631 2861 785 2943; x_wconf 87' lang='lat' dir='ltr'>adamante</span> <span class='ocrx_word' id='word_1_195' title='bbox 800 2859 960 2922; x_wconf 88' lang='lat' dir='ltr'>sedebant:</span> <span class='ocrx_word' id='word_1_196' title='bbox 1027 2941 1029 2946; x_wconf 15' lang='lat' dir='ltr'><em>A</em></span> 
     </span>
    </p>

    <p class='ocr_par' dir='ltr' id='par_1_5' title="bbox 81 2953 900 3042">
     <span class='ocr_line' id='line_1_27' title="bbox 81 2953 900 3042; baseline 0 -24"><span class='ocrx_word' id='word_1_197' title='bbox 81 2953 86 2962; x_wconf 74' lang='grc'><strong>“</strong></span> <span class='ocrx_word' id='word_1_198' title='bbox 162 2955 270 3040; x_wconf 88' lang='lat' dir='ltr'>Deque</span> <span class='ocrx_word' id='word_1_199' title='bbox 285 2957 343 3022; x_wconf 91' lang='lat' dir='ltr'>suis</span> <span class='ocrx_word' id='word_1_200' title='bbox 358 2965 434 3021; x_wconf 82' lang='lat' dir='ltr'>atro&#39;s</span> <span class='ocrx_word' id='word_1_201' title='bbox 449 2957 607 3040; x_wconf 87' lang='lat' dir='ltr'>pectebant</span> <span class='ocrx_word' id='word_1_202' title='bbox 621 2957 747 3020; x_wconf 88' lang='lat' dir='ltr'>crinibus</span> <span class='ocrx_word' id='word_1_203' title='bbox 758 2954 900 3042; x_wconf 87' lang='lat' dir='ltr'>angues.)</span> 
     </span>
    </p>

    <p class='ocr_par' dir='ltr' id='par_1_6' title="bbox 161 3053 907 3140">
     <span class='ocr_line' id='line_1_28' title="bbox 161 3053 907 3140; baseline 0.004 -25"><span class='ocrx_word' id='word_1_204' title='bbox 161 3053 265 3127; x_wconf 85' lang='lat' dir='ltr'>Quam</span> <span class='ocrx_word' id='word_1_205' title='bbox 278 3056 364 3118; x_wconf 90' lang='lat' dir='ltr'>simul</span> <span class='ocrx_word' id='word_1_206' title='bbox 379 3055 523 3138; x_wconf 76' lang='lat' dir='ltr'>agnitrunt</span> <span class='ocrx_word' id='word_1_207' title='bbox 537 3056 612 3119; x_wconf 87' lang='lat' dir='ltr'>inter</span> <span class='ocrx_word' id='word_1_208' title='bbox 624 3056 756 3138; x_wconf 84' lang='lat' dir='ltr'>caliginis</span> <span class='ocrx_word' id='word_1_209' title='bbox 770 3056 907 3140; x_wconf 63' lang='lat' dir='ltr'>umbras}</span> 
     </span>
    </p>

    <p class='ocr_par' dir='ltr' id='par_1_7' title="bbox 162 3150 850 3217">
     <span class='ocr_line' id='line_1_29' title="bbox 162 3150 850 3217; baseline -0.003 -3"><span class='ocrx_word' id='word_1_210' title='bbox 162 3150 322 3215; x_wconf 73' lang='lat' dir='ltr'>Surrentire</span> <span class='ocrx_word' id='word_1_211' title='bbox 338 3152 410 3214; x_wconf 85' lang='lat' dir='ltr'>deae.</span> <span class='ocrx_word' id='word_1_212' title='bbox 456 3153 550 3217; x_wconf 86' lang='lat' dir='ltr'>Sedes</span> <span class='ocrx_word' id='word_1_213' title='bbox 565 3154 706 3216; x_wconf 88' lang='lat' dir='ltr'>scelerata</span> <span class='ocrx_word' id='word_1_214' title='bbox 721 3165 850 3216; x_wconf 75' lang='lat' dir='ltr'>vocabu.</span> 
     </span>
    </p>

    <p class='ocr_par' dir='ltr' id='par_1_8' title="bbox 162 3241 920 3333">
     <span class='ocr_line' id='line_1_30' title="bbox 162 3241 920 3333; baseline -0.003 -23"><span class='ocrx_word' id='word_1_215' title='bbox 162 3241 285 3311; x_wconf 85' lang='lat' dir='ltr'>Viscera</span> <span class='ocrx_word' id='word_1_216' title='bbox 298 3248 445 3331; x_wconf 83' lang='lat' dir='ltr'>prebebat</span> <span class='ocrx_word' id='word_1_217' title='bbox 459 3249 566 3333; x_wconf 84' lang='lat' dir='ltr'>Tityos</span> <span class='ocrx_word' id='word_1_218' title='bbox 581 3250 737 3324; x_wconf 60' lang='lat' dir='ltr'>laniandae</span> <span class='ocrx_word' id='word_1_219' title='bbox 753 3269 920 3330; x_wconf 90' lang='lat' dir='ltr'>novemque</span> 
     </span>
    </p>

    <p class='ocr_par' dir='ltr' id='par_1_9' title="bbox 161 3333 1036 3526">
     <span class='ocr_line' id='line_1_31' title="bbox 161 3333 940 3427; baseline 0 -21"><span class='ocrx_word' id='word_1_220' title='bbox 161 3345 317 3427; x_wconf 72' lang='lat' dir='ltr'>iugeribus</span> <span class='ocrx_word' id='word_1_221' title='bbox 331 3345 475 3407; x_wconf 87' lang='lat' dir='ltr'>distentus</span> <span class='ocrx_word' id='word_1_222' title='bbox 489 3358 560 3407; x_wconf 88' lang='lat' dir='ltr'>erat.</span> <span class='ocrx_word' id='word_1_223' title='bbox 605 3333 686 3422; x_wconf 79' lang='lat' dir='ltr'>Tibi,</span> <span class='ocrx_word' id='word_1_224' title='bbox 700 3345 838 3420; x_wconf 89' lang='lat' dir='ltr'>Tantale,</span> <span class='ocrx_word' id='word_1_225' title='bbox 854 3344 940 3406; x_wconf 82' lang='lat' dir='ltr'>nullae</span> 
     </span>
     <span class='ocr_line' id='line_1_32' title="bbox 162 3439 1036 3526; baseline -0.002 -22"><span class='ocrx_word' id='word_1_226' title='bbox 162 3441 489 3526; x_wconf 84' lang='lat' dir='ltr'>Deprendunturaquae</span> <span class='ocrx_word' id='word_1_227' title='bbox 499 3463 516 3518; x_wconf 83' lang='lat'>3·</span> <span class='ocrx_word' id='word_1_228' title='bbox 530 3455 653 3525; x_wconf 86' lang='lat' dir='ltr'>quaeque</span> <span class='ocrx_word' id='word_1_229' title='bbox 668 3442 812 3518; x_wconf 86' lang='lat' dir='ltr'>imminet,</span> <span class='ocrx_word' id='word_1_230' title='bbox 827 3439 928 3522; x_wconf 84' lang='lat' dir='ltr'>effugit</span> <span class='ocrx_word' id='word_1_231' title='bbox 943 3440 1036 3504; x_wconf 89' lang='lat' dir='ltr'>arbos.</span> 
     </span>
    </p>

    <p class='ocr_par' dir='ltr' id='par_1_10' title="bbox 162 3538 1131 3624">
     <span class='ocr_line' id='line_1_33' title="bbox 162 3538 1131 3624; baseline -0.002 -22"><span class='ocrx_word' id='word_1_232' title='bbox 162 3539 226 3602; x_wconf 85' lang='lat' dir='ltr'>Aut</span> <span class='ocrx_word' id='word_1_233' title='bbox 240 3539 325 3624; x_wconf 86' lang='lat' dir='ltr'>petis,</span> <span class='ocrx_word' id='word_1_234' title='bbox 339 3553 390 3603; x_wconf 89' lang='lat' dir='ltr'>aut</span> <span class='ocrx_word' id='word_1_235' title='bbox 404 3559 490 3620; x_wconf 89' lang='lat' dir='ltr'>urges</span> <span class='ocrx_word' id='word_1_236' title='bbox 503 3539 659 3616; x_wconf 84' lang='lat' dir='ltr'>miturum,</span> <span class='ocrx_word' id='word_1_237' title='bbox 672 3538 812 3621; x_wconf 87' lang='lat' dir='ltr'>Sisyphe,</span> <span class='ocrx_word' id='word_1_238' title='bbox 824 3559 939 3602; x_wconf 85' lang='lat' dir='ltr'>saxum.</span> <span class='ocrx_word' id='word_1_239' title='bbox 1036 3555 1039 3564; x_wconf 82' lang='lat'><em>·</em></span> <span class='ocrx_word' id='word_1_240' title='bbox 1069 3538 1131 3600; x_wconf 88' lang='grc'>140</span> 
     </span>
    </p>
   </div>
   <div class='ocr_carea' id='block_1_5' title="bbox 0 0 1306 4216">
    <p class='ocr_par' dir='ltr' id='par_1_11' title="bbox 0 0 1306 4216">
     <span class='ocr_line' id='line_1_34' title="bbox 0 0 1306 4216; baseline 0 3"><span class='ocrx_word' id='word_1_241' title='bbox 0 0 1306 4216; x_wconf 95' lang='lat' dir='ltr'> </span> 
     </span>
    </p>
   </div>
  </div>
 </body>
</html>
