2608 4218
492 367 838 424 steresiosrflosuou

333 659 446 704 sumus
474 621 639 701 ensesue
661 651 994 706 consur-miuus.

450 757 453 766 ’
526 759 529 764 ”
607 792 637 834 v.
649 774 723 837 746.

221 905 325 970 Cesar
337 907 366 969 in
382 905 467 970 Urbe
479 905 534 968 sut
547 905 696 974 deusest:
721 926 809 990 quem
824 905 922 970 Marte
938 908 1065 993 togquue

178 1002 379 1088 Precipuum,
396 1025 456 1066 nou
470 1004 549 1079 bella
562 991 655 1084 magis
669 1004 751 1066 finita
764 1005 928 1087 triumphis,
1088 1010 1152 1070 200

177 1101 302 1186 Resque
318 1102 398 1164 domi
412 1115 512 1184 geste,
527 1114 741 1184 properataque
755 1101 846 1183 gloria
859 1123 957 1170 rerum

178 1197 212 1262 In
228 1199 307 1262 sidus
322 1200 436 1262 vertere
451 1219 573 1274 novum,
588 1197 762 1282 stellamque
776 1215 956 1278 comantem,

178 1295 282 1369 Quam
297 1318 349 1358 sua
363 1295 528 1378 progenies.
573 1293 682 1378 Neque
697 1294 776 1358 euim
791 1296 829 1359 de
844 1295 970 1360 Caesaris
985 1298 1057 1362 actis

177 1392 281 1456 Ullum
297 1392 390 1477 majus
404 1413 490 1475 opus,
505 1393 595 1475 quam
610 1391 690 1476 qudd
706 1407 790 1476 pater
803 1395 916 1458 exstitit
930 1395 1027 1480 hujus.

178 1490 297 1553 Scilicet
313 1511 462 1574 aequoreos
477 1489 545 1572 plus
559 1505 604 1552 est
620 1490 767 1552 domuisse
781 1490 951 1570 Britannos,
1021 1501 1034 1564 J
1086 1494 1151 1556 205

178 1586 298 1670 Perque
314 1587 473 1671 papyriferi
485 1587 663 1670 septemflua
678 1587 799 1652 flumina
814 1586 876 1652 Nili

178 1683 323 1747 Victrices
337 1684 433 1766 egisse
449 1685 536 1762 rates,
552 1683 754 1768 Numidasque
768 1686 903 1763 rebelles,

178 1780 423 1865 Cinyphiumque
438 1782 559 1858 Jubam,
574 1781 833 1866 Mithridateisque
847 1797 1010 1846 tumentem

178 1877 354 1942 Nominibus
369 1878 510 1955 Pontum,
525 1879 636 1962 populo
651 1879 792 1962 adjecisse
807 1879 936 1957 Quirini,

177 1972 219 2036 Et
234 1974 340 2036 multos
354 1975 506 2051 meruisse,
522 1975 635 2058 aliquos
649 1976 744 2056 egisse
761 1976 933 2058 triumphos,

178 2070 281 2144 Quam
296 2084 408 2144 tantum
423 2072 559 2154 genuisse
574 2072 679 2148 virum,
695 2095 754 2156 quo
768 2073 889 2155 preside
905 2093 1003 2136 rerum
1120 2135 1122 2143 ,

177 2165 319 2230 Humano
333 2168 443 2252 generi,
459 2169 568 2252 superi,
581 2170 699 2232 cavistis
714 2170 841 2232 abuud'e.
1010 2173 1012 2176 ’

177 2265 225 2328 Ne
242 2266 315 2329 soret
329 2266 377 2328 hic
391 2266 477 2348 igitur
491 2267 605 2329 mortali
618 2267 730 2328 semine
745 2281 853 2344 cretus,
889 2341 892 2344 Ι

176 2361 231 2426 Ille
246 2364 319 2426 deus
334 2362 484 2426 faciendus
499 2376 570 2424 erat.
616 2362 709 2436 Quod
724 2377 757 2426 ut
771 2385 860 2426 aurea
876 2365 946 2428 vidit

173 2460 281 2538 AEneae
297 2461 444 2542 genitrix;
467 2460 539 2522 vidit
553 2481 670 2542 quoque
685 2461 765 2522 triste
780 2462 874 2542 parari

177 2557 312 2621 Pontifici
327 2556 431 2631 letum,
446 2569 476 2618 et
489 2555 640 2638 conjurata
654 2577 735 2618 arma
747 2559 872 2621 moveri.

177 2651 304 2716 Palluit:
329 2666 359 2714 et
374 2651 498 2727 cunctis,
513 2665 546 2714 ut
561 2651 669 2735 cuique
685 2667 748 2716 erat
762 2655 859 2732 obvia,
875 2651 975 2735 divis,'

177 2748 349 2832 ‘Adspice'
366 2748 493 2824 dicebat,
509 2749 639 2832 ‘quantd
653 2751 723 2814 mihi
739 2753 817 2814 mole
834 2767 972 2835 parentur

176 2846 309 2911 lusidiae:
335 2845 503 2930 quantique
517 2860 607 2930 caput
622 2869 692 2910 curn
706 2847 808 2932 lraude
823 2864 950 2932 petatur.

177 2943 271 3017 Quod
285 2943 322 3004 de
338 2941 491 3005 Dardanio
505 2944 600 3006 solum
614 2945 687 3008 milri
697 2957 786 3008 restat
797 2945 873 3010 liilo.

177 3040 285 3104 Solane
301 3061 419 3122 semper
432 3062 483 3104 ero
494 3039 580 3125 justis
595 3044 726 3106 exercita
740 3045 837 3106 euris?

176 3135 279 3209 Quam
294 3136 384 3198 modd
398 3136 526 3219 Tydide
542 3136 711 3222 Calydonia
725 3142 860 3206 vulneret
874 3141 968 3220 hasta,

176 3232 266 3295 Nunc
280 3233 357 3294 male
373 3232 499 3296 defensae
514 3234 694 3300 confundant
709 3239 819 3300 moenia
833 3237 949 3322 Trojae:

176 3327 254 3402 Quae
270 3327 387 3390 videam
401 3343 503 3392 natum
518 3332 612 3412 longis
627 3335 770 3396 erroribus
784 3348 893 3410 actum,

175 3424 342 3508 luctarique
359 3423 442 3501 sreto,
458 3427 603 3509 sedesque
619 3429 725 3490 intrare
741 3430 890 3506 silentim,

176 3522 322 3608 Bellaque
335 3543 405 3585 eum
419 3520 524 3585 Turno
539 3545 652 3606 gerere,
667 3539 728 3602 aut,
743 3526 766 3587 si
781 3547 852 3589 vera
865 3526 1000 3605 fatemur,
