2604 4216
160 377 201 440 24
472 387 821 444 Marrucarrrceacn

159 533 230 598 Non
245 549 344 598 tamen
359 534 481 617 ignifero
497 538 651 621 quisquam
667 539 826 601 consistere
841 539 871 602 iu
887 559 944 602 axe

159 629 214 694 Me
230 633 309 694 valet
324 647 465 716 excepto.
511 633 597 698 Vasti
613 657 732 719 quoque
746 649 842 698 rector
856 635 993 721 Olympi,
1054 679 1059 687 s

134 747 139 762 ⁸
159 728 223 802 Qui
240 729 300 792 fera
315 731 435 792 terribili
445 730 593 815 jaculatur
604 731 728 796 fulmina
742 733 859 809 dextrd,
1095 738 1139 800 60

158 823 228 888 Non
244 841 311 910 agat
326 829 379 890 hos
394 851 513 892 curma:
537 843 567 892 et
583 819 653 912 quid
668 829 746 894 Jove
762 830 856 914 majus
871 831 1038 895 habemus?

158 925 263 987 Ardua
279 926 371 1008 prima
386 927 434 988 vie
447 940 514 988 est:
538 940 568 988 et
584 927 644 1010 qud
659 923 714 990 viu¹
724 930 812 992 mane
830 943 966 993 recentes
1022 949 1024 952 ·

153 1021 316 1084 Enitantur
331 1025 399 1106 equi
410 1046 417 1086 :
430 1024 540 1086 medio
555 1038 600 1086 est
615 1025 752 1088 citissima
768 1027 864 1104 coelo;
954 1059 956 1062 ·

158 1117 249 1181 Unde
264 1142 345 1182 mare
360 1135 394 1183 et
405 1136 496 1183 terras
511 1122 566 1204 ipsr
558 1121 653 1184 mihi
668 1143 746 1206 saepe
762 1124 863 1186 videre

158 1215 244 1284 Fit
225 1231 321 1295 umor,
337 1232 367 1280 et
382 1218 491 1301 pavida
505 1219 632 1302 trepidat
646 1217 800 1282 formidine
816 1235 932 1305 pectus.
1094 1224 1138 1286 65

158 1313 272 1377 Ultima
287 1339 380 1399 prona
395 1317 442 1378 via
457 1331 519 1393 est;
541 1331 571 1379 et
587 1332 655 1399 eget
670 1319 870 1383 moderamine
885 1333 979 1382 certo.

156 1411 245 1475 Tunc
261 1415 360 1490 etiam,
379 1436 443 1498 quae
460 1436 508 1476 me
523 1415 662 1500 subjectis
669 1417 790 1499 excipit
804 1418 900 1494 undis,

157 1508 188 1573 N
191 1533 207 1572 e
223 1510 297 1573 ferar
312 1513 341 1574 in
357 1533 498 1594 praecepS,
515 1511 634 1596 Tethys
649 1514 723 1576 solet
739 1515 803 1596 ipsa
817 1515 923 1578 vereri.
953 1535 956 1540 ’

157 1607 259 1685 Adde,
274 1609 352 1692 quid
369 1609 493 1672 adsidua
506 1611 618 1692 rapitur
632 1611 773 1694 vertigine
788 1613 899 1674 coelum
913 1634 921 1689 ;

157 1704 319 1788 Sideraque
335 1707 393 1768 alta
407 1708 506 1784 trahit,
519 1708 669 1791 celerique
686 1698 835 1772 volumine
850 1723 977 1793 torquet.
1093 1713 1137 1774 70

157 1801 265 1864 Nitor
258 1826 286 1864 rn
303 1805 477 1866 adversum.
501 1827 557 1867 nec
573 1827 632 1882 me,
649 1807 700 1888 qui
713 1822 828 1897 cetera,
846 1807 935 1870 vincit
1020 1839 1022 1844 κ

156 1898 307 1982 Impetus:
331 1913 362 1962 et
376 1900 478 1982 rapido
493 1903 652 1963 contrarius
666 1892 779 1964 evehor
793 1903 866 1974 orbi,
922 1930 923 1936 ¹

116 1973 253 2082 ‘Finge
269 1997 351 2058 datos
366 2017 478 2058 currus.
523 1997 607 2071 Quid
628 2001 720 2080 agas?
744 2001 898 2083 poterisne
905 2003 1006 2065 rotatis

128 2093 131 2102 ’
156 2093 294 2157 Obvius
287 2116 328 2156 ire
342 2095 429 2178 polis,
444 2117 482 2156 ne
498 2109 527 2158 te
542 2097 617 2158 citus
633 2097 745 2160 auferat
761 2109 810 2160 axi
799 2099 845 2161 s'?
901 2151 903 2154 .
973 2153 976 2160 ,

156 2191 293 2254 Forsitan
308 2207 337 2254 et
352 2193 434 2255 lucos
447 2193 519 2271 illtc,
535 2196 692 2279 urbesque,
708 2189 871 2281 domosque

157 2289 317 2374 Concipias
333 2292 447 2354 animo:
460 2292 650 2376 delubraque
666 2295 735 2357 ditia
750 2295 836 2357 donis

134 2459 138 2466 Ι
156 2387 243 2450 Esse.
289 2388 350 2451 Per
365 2390 482 2451 insidias
497 2391 552 2454 iter
566 2405 620 2467 est,
636 2391 803 2474 formasque
823 2391 960 2454 ferarum.

69 2559 71 2566 Α
155 2485 258 2570 thue
275 2487 352 2548 viam
367 2501 478 2562 teneas,
494 2487 634 2569 nulloque
650 2507 746 2550 errore
762 2489 901 2563 trabaris3

157 2583 217 2646 Per
232 2598 331 2645 tamen
346 2583 461 2644 adversi
477 2583 614 2663 gradieris
629 2581 739 2646 cornua
751 2585 857 2661 Tauri,

156 2680 386 2763 Haemoniosque
403 2701 497 2756 areca,
513 2680 694 2763 violentique
709 2680 896 2760 cra'Leonis,

155 2779 299 2862 Saevaque
315 2779 437 2840 circuitu
452 2791 625 2841 curvantem
640 2779 759 2842 brachia
773 2781 862 2862 longo

155 2877 310 2960 Scorpion,
326 2891 414 2960 atque
430 2875 513 2938 aliter
526 2874 700 2938 curvantem
714 2877 833 2939 brachia
848 2877 1010 2940 Cancrum.

110 2979 113 2984 '
157 2973 224 3036 Nec
240 2975 290 3036 tibi
307 2974 512 3058 quadrupedes
527 2974 673 3037 animosos
688 2975 801 3056 ignibus
816 2976 882 3052 illis,

156 3071 244 3144 Quos
260 3073 288 3134 in
306 3086 425 3154 pectore
441 3071 561 3149 habent,
577 3093 715 3155 quossore
731 3088 761 3135 et
775 3073 892 3135 naribus
907 3072 1018 3148 efflant,

156 3168 190 3231 ln
208 3183 343 3251 promptu
360 3189 462 3249 regere
479 3183 533 3231 est.
580 3169 642 3232 Vix
657 3191 706 3232 me
722 3172 879 3252 patiuntur,
894 3184 927 3231 ut
941 3189 1023 3232 acres
1090 3171 1151 3232 85·
1225 3239 1229 3243 ,
1282 3167 1293 3234 J

155 3265 308 3328 incelebre
324 3266 431 3340 animi3
454 3267 616 3356 cervisque
631 3282 776 3348 repugnat
791 3267 924 3328 habenis.

155 3364 199 3426 At
214 3380 256 3440 tu,
272 3363 378 3426 sonesti
393 3385 430 3424 ne
446 3365 499 3425 sim
514 3363 567 3424 tibi
582 3363 835 3438 munerisauctor,

156 3461 246 3538 Nate,
261 3480 353 3523 cave:
377 3461 447 3522 dum
463 3481 568 3544 resque
582 3460 660 3536 sinit,
675 3473 725 3521 tua
740 3461 851 3542 corrige
868 3473 946 3523 vota.

156 3559 285 3635 Scilicet,
300 3574 333 3621 ut
347 3573 445 3620 nostro
460 3559 592 3641 genitum
607 3572 637 3619 te
652 3557 793 3640 sanguine
808 3558 922 3634 credas,
