2608 4218
457 451 461 460 ,
561 381 734 450 semrom
759 395 780 450 ι.
872 371 875 383 “
1063 388 1159 474 ,ιιι
1274 459 1276 464 ,

183 541 247 610 Nos
263 542 373 631 Pylon,
385 548 498 632 antiqui
514 547 622 612 Neleia
637 548 771 612 Nestoris
786 569 864 625 arva,

224 641 379 707 Misimus:
402 647 513 708 incerta
528 661 573 708 est
588 645 666 710 sama
679 647 801 708 remissa
815 645 904 756 Pylo.

143 821 146 826 Ι
181 737 319 804 Misimus
334 760 365 806 et
363 739 523 845 Sparten:
548 743 654 826 Sparte
670 763 801 826 qnoque
804 742 905 804 nescia
918 739 991 804 ven'

223 837 310 912 Quas
325 809 437 902 habitas
452 825 553 916 lenas,
570 854 620 902 aut
635 841 685 902 ubi
696 841 796 902 lentus
811 840 902 921 abes?
1114 837 1157 902 60

181 931 291 998 Utilius
305 949 415 1000 starent
430 937 519 1000 etiam
534 957 613 1000 nunc
628 937 739 1000 moenia
756 936 877 999 Phoebi.

225 1015 352 1118 (liascor
366 1033 441 1096 votis
456 1034 515 1096 heu
530 1033 625 1096 levis
618 1055 681 1118 rpsa
696 1034 769 1096 meis
782 1031 806 1119 l)

181 1125 294 1191 Scirem
309 1131 359 1192 ubi
373 1149 538 1214 pugnarcs;
559 1145 591 1192 et
600 1132 720 1192 tantiam
733 1130 846 1193 bella
826 1144 982 1208 tnnerem3

222 1224 263 1289 Et
277 1247 349 1289 mea
358 1247 426 1290 cnm
442 1227 564 1291 multis
551 1217 656 1320 yuhcta
671 1227 835 1320 querela·¹
803 1214 891 1290 foret

179 1320 298 1396 Quid
278 1336 396 1386 timeam
411 1325 534 1420 ignoro:
554 1324 644 1386 timeo
658 1338 758 1386 tamen
772 1325 871 1386 omnia
885 1324 1023 1419 demens:
1112 1328 1155 1390 65

221 1418 262 1481 Et
278 1405 358 1503 patet
372 1421 401 1482 in
416 1425 500 1484 curas
515 1441 583 1482 area
597 1422 656 1484 lata
670 1441 762 1502 meas.
1181 1431 1186 1440 ’

178 1514 376 1602 Quaecunque
391 1540 491 1602 aequor
504 1519 603 1596 babet,
619 1538 802 1603 quacunque
817 1519 949 1608 pericula
962 1515 1060 1594 tellus,

220 1611 300 1675 'I'am
314 1614 408 1704 longae
422 1635 525 1700 causas
539 1615 672 1698 suspicor
686 1635 865 1695 essepnorae.

177 1707 253 1772 Haec
267 1731 332 1793 ego
339 1711 409 1772 dum
424 1711 512 1773 stult'e
528 1709 655 1773 meditor
670 1709 750 1796 (quae
766 1723 863 1772 vostra
877 1709 965 1774 libido
979 1709 1039 1794 est)

219 1806 296 1870 Esse
312 1808 467 1898 peregrino
480 1821 585 1893 captus
600 1827 700 1870 amore
715 1821 812 1896 potes.
1110 1810 1155 1870 to

175 1903 311 1998 Porsitan
326 1917 357 1969 et
371 1926 491 1982 narres,
495 1905 585 1989 quim
599 1903 636 1967 sit
650 1904 702 1966 tibi
716 1903 823 1966 rustica
836 1903 965 1988 conjux3
1047 1949 1051 1962 .

219 1999 298 2075 Qua
313 2003 426 2066 tautirm
437 2003 517 2064 lanas
532 2023 591 2064 non
605 2002 681 2064 sinet
695 2021 759 2064 esse
774 2001 873 2065 rudes.

5 2123 6 2130 ¹
109 2149 112 2156 ,
176 2095 292 2176 Pallam
314 2114 345 2162 et
360 2097 417 2162 hoc
431 2100 542 2162 crimen
557 2114 662 2162 tenues
676 2112 816 2161 vanescat
829 2098 858 2161 in
874 2109 976 2162 auras:

218 2194 316 2274 Neve,
330 2197 497 2280 revertendi
511 2197 595 2272 liber,
611 2176 720 2257 abesse
729 2195 812 2278 velis.

174 2291 229 2356 Me
244 2308 333 2386 pater
343 2293 453 2356 Icarius
469 2293 558 2355 viduo
572 2291 725 2354 discedere
738 2291 817 2353 lecto
1107 2293 1150 2356 75

217 2387 318 2474 Cogit,
334 2405 365 2454 et
378 2391 534 2456 immensas
551 2389 682 2473 increpat
697 2409 791 2471 usque
806 2408 913 2479 moras.
1090 2388 1095 2396 “

125 2489 127 2496 ’
174 2487 419 2580 Increpatvnsque
433 2488 519 2551 licet:
542 2501 594 2552 tua
608 2508 685 2564 sum,
700 2500 751 2548 tua
766 2485 852 2548 dicar
861 2499 978 2580 oportet

216 2584 387 2670 Penelope:
410 2585 520 2670 conjux
535 2605 654 2668 semper
667 2583 785 2668 Ulyssis
799 2605 860 2646 ero.

173 2682 227 2744 Ille
244 2668 344 2771 tamen
360 2671 470 2766 pietate
485 2682 554 2744 meai
568 2680 763 2764 precibusque
780 2681 893 2764 pudicis

215 2777 383 2862 Frangitur,
398 2793 428 2842 et
444 2780 679 2862 virestemperat
693 2779 756 2862 ipse
770 2800 848 2842 suas.
1105 2778 1149 2842 80

173 2875 316 2955 Dulichii,
329 2876 490 2959 Samiique,
506 2889 546 2952 et,
562 2897 635 2958 quos
650 2876 715 2937 tulit
730 2875 787 2937 alta
803 2875 988 2958 Zacynthos,

215 2972 320 3036 Turba
333 2986 421 3035 ruunt
436 2972 464 3033 in
480 2992 528 3032 me
543 2970 703 3045 luxuriosa,
718 2971 817 3052 proci:

174 3070 266 3155 lnqne
281 3071 333 3134 tub
347 3081 480 3150 regnant,
495 3066 580 3130 nullis
595 3066 825 3152 prohibentibus,
840 3066 918 3130 auli.

216 3147 341 3230 Visceia
354 3180 463 3242 nostra,
477 3179 534 3230 tuae
551 3165 727 3228 dilaniantur
740 3185 823 3248 opes.

171 3261 256 3337 Quid
271 3264 322 3328 tibi
323 3263 525 3360 Pisandrum,
541 3261 763 3346 Polybumque,
777 3257 981 3347 Medontaque
997 3262 1102 3341 dirum,

215 3339 456 3444 Eurymachique
471 3359 582 3436 avidas,
600 3360 781 3444 Antinoique
796 3381 910 3437 manus,
1103 3360 1145 3422 86

172 3457 274 3542 Atque
290 3452 362 3522 alio‘s
376 3451 510 3534 helenam,
527 3479 599 3542 qnos
613 3478 718 3520 omnes
726 3458 855 3541 turpiter
869 3458 976 3520 absens

214 3553 283 3640 lpse
296 3571 349 3619 tuo
363 3556 451 3640 partis
466 3557 606 3638 sanguine
622 3557 708 3618 rebus
724 3556 797 3618 alis?
