2608 4218
534 379 671 433 ‚trane
694 379 750 432 XV.
809 425 812 432 .

168 531 211 598 Et
225 534 311 618 lepus
327 532 493 618 impavidus
507 531 612 610 mediis
627 532 735 604 erravit
749 531 779 594 in
794 531 886 613 agris:
908 599 913 608 .

168 631 236 696 Nec
250 653 304 695 sua
318 632 475 695 credulitas
491 631 601 714 piscem
617 629 810 713 suspenderat
825 629 936 692 hamos

169 729 289 794 Cuncta
304 731 366 792 sine
382 729 502 805 insidiis,
517 729 689 811 nullamque
701 727 833 801 timentia
841 715 991 802 'fraudem

170 825 324 912 Plenaque
340 825 420 910 pacis
436 839 528 888 erant.
573 815 738 908 Postquam
750 845 811 898 non
826 823 902 886 utilis
917 837 1019 886 auctor
1113 877 1114 883 ,

173 922 307 990 Victibus
322 924 435 1000 invidit,
454 921 599 1008 (quisquis
614 922 668 986 suit
683 922 735 1002 ille
745 919 887 1006 virorum)
909 967 912 981 .

171 1020 399 1106 corporeasque
413 1022 505 1106 dapes
520 1019 639 1100 avidam
652 1019 793 1084 demersit
807 1019 837 1082 in
850 1021 952 1084 alvum
960 1040 970 1094 ς

171 1115 259 1183 Fecit
274 1121 328 1182 iter
341 1119 461 1182 sceleri:
486 1119 639 1203 primique,
654 1140 672 1180 e
686 1117 768 1180 crede
783 1117 910 1180 serarum

171 1217 331 1281 incaluisse
347 1233 449 1301 putem
464 1217 643 1280 maculatum
658 1216 799 1298 sanguine
816 1215 936 1280 serrum.

171 1315 265 1400 quue
281 1315 350 1378 satis
366 1314 475 1378 suerat:
499 1330 689 1400 nostrumque
704 1314 836 1398 petentia
850 1314 942 1390 letum
999 1351 1001 1358 ,

171 1413 307 1497 Corpora
321 1413 409 1477 missa
421 1413 499 1490 neci,
514 1413 597 1474 salva
611 1409 732 1496 pietate,
747 1411 889 1477 fatemur:

172 1511 234 1574 Sed
249 1510 451 1596 quam‘danda
464 1510 541 1587 neci,
557 1524 617 1572 tum
632 1532 691 1572 non
706 1509 854 1593 epulanda
866 1509 995 1572 suerunt.

172 1607 306 1690 longius
319 1607 387 1670 iude
402 1607 483 1670 netas
497 1608 585 1680 abiit:
609 1622 640 1670 et
655 1608 749 1689 prima
763 1622 883 1689 putatur
973 1593 977 1600 ⁴

172 1702 280 1768 Hostia
293 1726 344 1766 sus
358 1705 499 1768 rneruisse
514 1705 598 1781 mori,
614 1706 682 1788 quia
696 1704 808 1766 semina
823 1704 920 1787 pando

172 1802 291 1866 Emerit
308 1817 411 1879 rostro,
425 1823 570 1886 spemque
586 1803 775 1886 interceperit
790 1801 869 1864 anni.

173 1900 244 1964 Vite
260 1921 351 1984 caper
364 1901 463 1962 morsa
476 1900 591 1964 Bacchi
605 1900 777 1965 mactandus
791 1900 829 1962 ad
843 1921 906 1964 aras

153 2071 158 2081 ¹
172 1999 300 2084 Ducitur
314 1998 424 2062 ultoris.
470 1996 581 2062 Noouit
595 2019 648 2060 sua
662 1999 750 2082 culpa
765 1997 889 2060 duobus.

172 2095 255 2170 Quid
268 2095 415 2160 meruistis
430 2117 512 2174 oves,
529 2095 678 2180 placidum
694 2117 796 2180 pecus,
811 2097 900 2180 inque
915 2093 1042 2158 tuendos

172 2193 283 2258 Natum
300 2194 444 2269 homiues,
459 2194 549 2276 pleno
564 2215 627 2276 quar
643 2193 721 2256 sertis
734 2194 766 2256 in
781 2194 871 2256 ubere
887 2194 1009 2256 nectar?

172 2290 278 2354 Mollia
293 2313 356 2374 quae
372 2291 456 2354 nobis
470 2305 582 2354 vestras
595 2291 744 2354 uelamina
758 2291 839 2354 lanas

172 2381 460 2473 Praebetis,'vititque
475 2387 579 2470 magis,
595 2389 684 2472 quarn
698 2402 793 2450 morte
804 2387 924 2474 juvatis.
1027 2421 1030 2425 ·

173 2487 255 2560 Quid
271 2487 407 2550 meruere
423 2487 525 2562 boves,
540 2486 647 2556 animal
663 2486 726 2548 sine
741 2484 843 2550 sraude
858 2484 1003 2568 dolisque,

171 2583 347 2662 Innocuum,
362 2583 504 2670 simplex,¹
516 2597 617 2656 uatum
634 2584 758 2648 tolerare
775 2584 909 2650 labores?

172 2680 333 2746 Immemor
346 2696 391 2746 est
406 2682 538 2758 demum,
552 2703 609 2748 nec
625 2681 741 2763 frugum
756 2701 878 2744 munere
893 2681 1009 2762 dignus,

171 2779 235 2853 Qui
252 2781 347 2864 potuit
361 2781 444 2842 curvi
459 2779 580 2862 dempto
594 2780 684 2845 modo
698 2779 830 2864 pondere
845 2780 931 2842 aratri

172 2877 346 2942 Ruricolam
361 2890 491 2938 mactare
505 2897 609 2938 suum:
634 2876 683 2960 qui
699 2877 765 2940 trita
779 2878 879 2940 labore
960 2951 966 2956 .

174 2976 237 3052 Illa,
254 2975 359 3059 quibus
373 2973 460 3036 toties
475 2972 581 3034 durum
597 2988 789 3036 renovaverat
804 2995 918 3051 arvum,

171 3073 233 3138 Tot
250 3073 372 3136 dederat
386 3091 509 3146 messes,
525 3070 669 3152 percussit
682 3071 759 3134 colla
773 3071 879 3134 securi.

213 3171 281 3236 Nec
295 3169 364 3232 satis
377 3182 435 3245 est,
450 3168 531 3252 quud
546 3168 605 3230 tale
620 3168 702 3232 nefas
718 3170 927 3234 committitur:
951 3171 1030 3256 ipsus

173 3270 351 3353 inscripsere
365 3269 438 3331 deos
452 3267 568 3345 sceleri,
584 3288 754 3352 numenque
773 3289 934 3352 supernum

171 3368 264 3434 Caede
279 3365 425 3430 laboriferi
440 3365 566 3430 credunt
580 3365 709 3448 gaudere
720 3365 853 3451 juvenci.

172 3465 304 3529 Victima
317 3466 383 3526 labe
400 3485 515 3542 carens,
531 3477 561 3528 et
576 3465 811 3547 prestantissima
831 3465 936 3545 formai,

173 3563 270 3652 (Nam
286 3561 429 3646 placuisse
444 3562 548 3649 uocet)
566 3563 645 3628 vittis
659 3564 808 3648 praesignis
822 3579 855 3628 et
868 3583 951 3642 uum,
