2604 4216
139 332 183 396 ut
457 338 801 392 uernuonrnosnon

35 563 43 578 ἱ
143 485 303 566 lienibus,
318 501 350 551 et
365 501 448 552 vasto
462 488 584 566 dederat
598 489 742 552 servanda
756 487 892 562 draconi:
1048 492 1111 558 990
1232 531 1242 538 -

141 584 329 669 Arcobatque
343 586 402 650 suis
415 598 558 654 externos
570 585 673 648 finibus
688 607 801 650 omnes.

141 678 220 744 Huic
236 703 364 766 quoque,
379 680 486 746 ‘Vade
502 683 615 766 procul,
629 705 667 744 ne
682 683 770 765 longe
785 683 875 766 gloria
889 705 997 762 rerum,

44 831 51 847 ,
140 775 226 850 Quas
241 779 390 856 mentiris,’
406 780 457 856 ait,
472 779 577 861 “longe
592 779 643 842 tibi
658 779 776 863 Jupiter
790 780 885 844 absit!

56 899 62 904 ·
145 872 271 958 Vimque
286 875 371 938 minis
387 875 483 937 addit:
507 874 672 957 foribusque
688 876 838 960 expellere
853 889 947 939 tentat

140 969 351 1049 Cunctantem,
366 986 396 1034 et
410 971 532 1055 placidis
546 972 719 1037 miscentem
733 972 818 1036 sortia
833 974 927 1037 dictis.
965 1027 969 1044 .
1049 975 1113 1039 295

141 1055 260 1130 Viribus
274 1067 401 1145 inferior,
419 1067 497 1154 (quis
512 1068 592 1131 enim
605 1090 659 1152 par
672 1083 750 1132 esset
766 1070 879 1136 Atlanti

141 1163 296 1252 Vm'busl)
314 1166 376 1229 ‘At
390 1165 527 1250 quoniam
540 1167 623 1250 parvi
637 1166 689 1230 tibi
702 1167 793 1249 gratia
806 1182 904 1233 nostra
921 1181 983 1248 est;
1005 1213 1010 1218 -

140 1261 255 1345 Accipe
270 1262 396 1340 munus,'
413 1263 471 1339 ait;
491 1263 624 1347 levique
638 1285 657 1326 a
670 1278 753 1347 parte
768 1262 903 1330 Medusae

140 1357 209 1442 lpse
223 1371 403 1422 retroversus
417 1360 591 1442 squallentia
606 1361 734 1443 prodidit
748 1383 809 1424 ora.

140 1453 280 1527 Quantus
294 1469 367 1533 erat,
380 1477 466 1518 mons
479 1455 573 1520 lactus
587 1457 684 1520 Atlas.
727 1457 797 1522 Jam
810 1457 900 1520 barba
914 1477 1065 1542 comaque

141 1549 176 1614 ln
189 1553 278 1615 silvas
292 1553 418 1616 abeunt:
437 1551 511 1637 juga
523 1567 591 1618 sunt
605 1554 779 1638 humerique
790 1575 963 1639 manusque.
1049 1558 1109 1620 301

140 1647 234 1722 Quod
247 1663 338 1734 caput
352 1651 421 1716 ant'e
436 1649 500 1728 fuit,
514 1672 631 1714 summo
645 1665 691 1714 est
704 1652 732 1714 iu
747 1666 849 1716 monte
862 1673 1017 1716 cacumen.

139 1744 218 1808 Ossa
231 1747 305 1831 lapis
319 1748 403 1814 fiunt.
447 1745 529 1812 Tum
544 1755 642 1832 partes
657 1763 760 1812 auctus
775 1750 804 1812 in
818 1769 922 1812 omnes

141 1840 246 1906 Crevit
260 1844 289 1906 in
303 1844 491 1920 immensum,
509 1843 566 1930 (sic
580 1845 611 1906 di
625 1845 779 1932 statuistis)
796 1860 826 1909 et
841 1866 930 1917 omne

141 1936 221 2002 Cum
236 1953 279 2002 tot
293 1940 434 2004 sideribus
448 1941 559 2007 coelum
573 1942 718 2025 requievit
732 1942 761 2008 iu
776 1942 837 2005 illo.
1050 1943 1114 2008 305

330 2192 470 2235 PRRSEOS
492 2186 535 2234 m*
557 2193 764 2260 eurinome.
785 2193 925 2238 nurum.

566 2376 598 2417 v.
613 2357 688 2418 662.

182 2517 338 2586 Clauserat
352 2521 539 2606 Hippotades
553 2534 661 2586 eterno
675 2543 793 2586 carcere
807 2538 929 2588 ventos:

139 2619 376 2706 Admonitorque
390 2640 514 2712 operum
528 2620 606 2683 coelo
620 2619 796 2685 clarissimus
810 2621 871 2684 alto

140 2711 262 2780 Lucifer
274 2730 355 2779 onus
369 2728 454 2786 erat„
486 2713 598 2780 Pennis
611 2717 682 2799 ligat
696 2717 746 2780 ille
760 2718 917 2803 resumptis

139 2813 230 2877 Parte
245 2813 282 2876 ab
296 2812 421 2898 utreque
436 2813 547 2898 pedes3
568 2814 688 2898 teloque
703 2815 867 2898 adcingitur
879 2835 974 2880 unco:

139 2909 182 2973 Et
195 2911 337 2995 liquidum
352 2911 438 2976 motis
452 2911 588 2974 talaribus
602 2915 671 2976 uera
685 2913 778 2976 findit.
1049 2915 1114 2979 810

139 3005 286 3072 Gentibus
300 3005 460 3074 innumeris
474 3009 643 3094 cimbmque
658 3009 791 3096 iustique
806 3010 925 3088 tellude,

139 3103 322 3190 Aithiopum
331 3108 468 3191 populos,
482 3107 622 3192 Cepheia
634 3109 779 3192 conspicit
793 3131 874 3174 arva.

181 3201 246 3265 llllc
261 3202 435 3268 immeritam
447 3218 587 3268 materne
603 3203 733 3289 pendere
747 3205 858 3288 linguae

143 3297 351 3362 Andromedan
366 3320 470 3383 poeuas
485 3301 602 3365 immitis
615 3301 741 3387 jusserat
755 3305 898 3366 Ammon.

12 3473 13 3476 Ἴ
139 3395 242 3470 Quam
256 3397 342 3460 simul
357 3396 394 3460 ad
409 3397 495 3460 duras
510 3397 661 3480 religatam
675 3398 795 3462 brachia
809 3411 910 3462 cautes
1047 3401 1112 3465 315

140 3491 224 3558 Vidit
239 3493 421 3558 Abantiades
429 3515 440 3573 3
462 3493 512 3573 ait,
528 3493 649 3558 ‘Onon
665 3495 753 3578 digne
766 3496 889 3575 catenis,
