2608 4218
146 375 207 446 104
449 375 804 434 ΜΕΤΑΜΟΕΡΗΟΒΕΟΝ,

143 529 260 594 Cetera
273 543 340 594 sunt
355 530 500 592 hominis:
524 541 638 612 partem
654 527 808 588 damnatur
821 525 851 588 in
865 541 973 588 unarn:
1013 545 1023 564 ·'
1046 561 1048 566 ,
1071 527 1116 588 90

142 627 333 712 luduiturque
348 649 432 689 aures
447 627 527 689 lente
542 625 703 708 gradientis
714 624 804 704 aselii.
914 628 915 632 ’
941 621 955 699 j

182 724 243 796 ¹Ille
254 725 371 807 quidem
385 725 473 800 celat,
488 723 625 811 turpique
641 734 760 783 onerata
776 719 887 802 pudore
977 733 984 740 ”
1024 737 1025 742 ’

142 819 294 904 Tempora
307 822 460 904 purpureis
476 834 568 882 tentat
584 820 680 880 velare
695 817 806 879 tiaris
861 831 893 882 ,0
930 827 933 832 '
997 817 999 821 ’

142 915 213 993 Sed,
228 918 331 996 solitus
343 918 445 998 longos
460 915 535 980 ferro
548 921 680 978 resecare
695 905 828 996 capillos,

143 1012 266 1076 Viderat
280 1015 336 1076 hoo
352 1013 488 1076 famulus.
533 1012 607 1086 Qui,
622 1013 691 1074 cum
706 1030 762 1072 neo
777 1009 903 1092 prodere
917 1008 1011 1071 visum
1065 1011 1113 1072 ‘95

142 1108 283 1181 Dedecus
298 1108 429 1184 auderet,
443 1107 566 1190 cupiens
579 1103 683 1168 efferre
697 1105 753 1166 sub
766 1109 861 1180 auras,
882 1115 895 1138 *
939 1124 940 1127 ¹

142 1203 209 1268 Nec
223 1219 321 1288 posset
337 1205 459 1265 reticere
474 1217 582 1279 tamen,
598 1202 710 1264 secedit
719 1223 727 1276 3
750 1203 932 1283 humumque

142 1301 274 1384 Effodit:
298 1315 338 1377 et,
354 1300 462 1362 domini
479 1299 579 1383 quales
594 1298 762 1381 adspexerit
774 1297 871 1378 aures,

143 1397 228 1461 Voce
243 1383 330 1460 refert
346 1395 456 1480 parvi-3
478 1409 619 1478 terraeque
635 1396 836 1461 immurmurat
850 1395 972 1461 hausta.
1020 1449 1025 1456 r
1078 1445 1081 1448 .

144 1490 345 1578 iudiciumque
361 1515 419 1554 suae
435 1492 514 1554 vocis
530 1492 633 1554 tellure
648 1491 764 1572 regestis
950 1523 967 1558 ·,
1019 1505 1035 1540 ³
1052 1493 1114 1556 100

142 1587 260 1666 Obruit,
276 1605 305 1652 et
319 1589 467 1652 scrobibus
483 1589 585 1652 tacitus
601 1587 724 1650 discedit
738 1587 854 1672 opertis.
1067 1578 1071 1583 ⁴

143 1686 257 1749 Creber
272 1687 458 1750 arundinibus
473 1686 603 1748 tremulis
617 1685 656 1746 ibi
671 1705 788 1766 surgere
803 1685 887 1746 lucus

144 1781 264 1865 Coepit:
288 1797 329 1858 et,
345 1795 376 1843 ut
391 1770 518 1864 ririmbm
531 1782 621 1864 pleno
636 1781 773 1842 maturuit
790 1801 877 1856 anno,
925 1798 932 1813 ·

142 1877 274 1939 Prodidit
289 1877 472 1958 agricolam·
500 1877 577 1939 Leni
592 1897 660 1937 nam
674 1877 824 1937 morusab
839 1877 950 1938 Austro
1039 1890 1046 1930 l
1079 1907 1083 1914 x

142 1971 257 2036 Obruta
272 1973 360 2074 verba
373 1970 479 2046 refert3
502 1970 670 2052 dominique
685 1971 816 2051 coarguit
831 1991 926 2032 aures.
952 2019 954 2026 .
1027 2012 1030 2015 -
1051 1970 1112 2036 105
1161 2061 1166 2066 Ἴ

295 2309 382 2350 csrx·
401 2307 442 2350 nr
466 2299 636 2350 urucrorn
659 2307 694 2350 ru
716 2309 795 2350 avus
818 2289 951 2356 narrar}
1052 2287 1053 2292 ’

567 2487 596 2528 v.
612 2469 685 2528 410.

141 2647 256 2709 interea
271 2647 422 2729 fratrisque
431 2647 492 2722 sui,
508 2645 684 2728 fratremque
698 2647 807 2708 secutis

141 2744 240 2806 Anxia
255 2743 392 2827 prodigiis
407 2744 539 2805 turbatus
554 2747 674 2826 pectora
685 2741 789 2825 C'e'yx.

141 2839 285 2902 Coosulat
299 2854 330 2902 ut
346 2845 451 2918 saora's,
467 2841 618 2902 hominum
632 2831 839 2916 oblectamina,
854 2855 957 2918 sortes,

140 2935 191 2997 Ad
206 2936 338 3000 Clarium
354 2951 434 3020 parat
450 2938 491 3000 ire
506 2939 615 3000 deum:
638 2939 707 3000 n‘am
722 2939 834 3022 templa
849 2938 987 3022 profanus
1084 2969 1085 2976 ¹

140 3031 223 3094 Invia
237 3056 306 3098 cum
321 3034 463 3117 Phlegyis
478 3035 623 3098 faciebant
638 3035 788 3120 Delphica
804 3035 948 3098 Phorbas.
1048 3037 1111 3098 110

102 3132 108 3142 ‘
183 3129 330 3192 Portubus
345 3133 496 3208 exierant3
519 3147 549 3194 et
563 3147 695 3194 moverat
709 3153 779 3196 aura
790 3133 940 3196 rudentes.
972 3127 979 3135 ’

40 3271 42 3276 -
140 3224 278 3288 Obvertit
291 3227 372 3288 lateri
388 3229 553 3309 pendentes
567 3229 668 3290 navita
681 3251 795 3290 remos:

139 3320 318 3406 Cornuaque
333 3323 362 3384 iu
377 3323 494 3384 summa
507 3324 584 3386 locat
599 3325 700 3386 arbore
713 3347 721 3401 ;
745 3339 862 3407 totaque
876 3325 955 3387 malo
1043 3349 1047 3364 ¹

140 3419 271 3484 Carbasa
285 3419 403 3482 deducit
416 3441 424 3496 ;
448 3420 658 3502 venientesque
674 3421 785 3503 excipit
800 3441 895 3483 auras.

182 3518 246 3579 Aut
261 3519 365 3592 minus,
381 3530 431 3579 aut
444 3517 526 3579 certe
540 3515 670 3578 medium
684 3518 883 3601 nonamplius
901 3539 999 3602 aequor
1049 3521 1110 3581 115
1130 3495 1134 3500 ⁵
