2608 4218
573 355 681 408 LIBER
704 355 753 408 Xl.

167 503 389 590 ln‘n'nmeraequ'e
404 507 518 568 herbae:
543 527 665 590 quarum
680 505 717 567 de
734 497 809 568 lacte
823 501 959 588 soporem
1029 544 1031 548 .
1112 529 1114 534 ·

167 602 239 667 Nox
252 605 334 685 legit,
350 617 380 666 et
391 601 509 686 'spargit'
518 623 570 685 per
584 611 692 684 opacas
706 603 826 664 humida
840 616 940 664 terras.
987 634 989 641 ·

165 697 274 776 lanua,
289 722 353 783 quae
369 719 455 760 verso
470 693 623 760 stridorem
637 699 755 760 cardine
770 698 883 774 reddat,
1015 719 1027 773 j
1067 699 1137 788 245
1206 711 1208 718 ’

167 793 258 858 Nulla
272 797 361 857 domo
375 795 455 871 tortu
477 809 575 858 custos
589 795 619 856 in
632 795 731 856 limine
747 794 854 862 nullus·
864 804 868 838 Γ

75 875 82 892 ’
167 893 211 954 At
225 893 323 954 medio
337 906 417 954 torus
433 907 488 967 est,
504 893 599 953 ebeno
614 891 743 955 sublimis
757 891 787 952 in
802 890 874 966 atrd,
909 901 912 907 '
927 901 929 906 '

148 987 321 1064 ‘Plumeus,
336 989 477 1063 unicolor,
494 986 573 1070 pullo
588 989 733 1050 velamine
748 1000 860 1049 tectus:

167 1083 241 1156 Quo
255 1085 343 1146 cubat
358 1084 420 1166 ipse
436 1085 519 1160 dena,
534 1075 671 1145 membris
686 1082 825 1164 languore
842 1083 952 1145 solutis.
1012 1077 1014 1082 ’

60 1211 63 1216 ·
167 1178 259 1241 Hunc
272 1181 350 1250 circa
364 1180 481 1263 passim,
497 1181 589 1241 varias
604 1179 748 1242 imitantia
762 1179 879 1256 formas,
1017 1178 1022 1187 ’
1075 1179 1165 1243 aboi
1225 1243 1226 1248 ,

167 1275 289 1338 Somnia
303 1297 378 1355 uana
388 1276 488 1360 jacent
503 1277 637 1352 totidem,
652 1290 725 1360 quot
738 1277 840 1338 messis
855 1277 967 1364 aristas,

168 1371 250 1434 Silva
264 1374 338 1454 gerit
353 1372 487 1446 frondea·
497 1371 606 1456 ejectas
620 1373 700 1433 littus
715 1393 828 1434 arenas.

152 1475 156 1482 ’
211 1467 284 1540 Quo
299 1469 383 1531 simul
399 1469 526 1544 intrarit,
541 1469 733 1550 manibusque
747 1469 892 1531 obstantia
906 1470 988 1550 virgo

167 1564 291 1626 Somnia
304 1564 442 1626 dimovit:
467 1565 555 1625 vestis
570 1563 681 1645 fulgore
692 1565 800 1626 reluxit
848 1583 853 1594 ¹

168 1660 396 1721 Sacradomus:
420 1652 561 1742 tarrldqu'e
576 1661 649 1720 deus
664 1660 805 1740 gravitate
817 1659 951 1744 jacentes
1078 1663 1141 1724 255

174 1755 233 1818 Vix
248 1756 349 1816 oculos
364 1757 486 1830 tollens;
509 1756 671 1838 iterumque
687 1756 855 1839 iterumque¹
866 1755 1009 1833 relabens,
1044 1741 1049 1752 ’

169 1851 352 1934 Summaque
367 1853 534 1934 percutiens
549 1851 662 1914 nutanti
676 1865 795 1934 pectora
810 1866 928 1928 mento,r

167 1941 311 2010 'Excussit
325 1949 443 2010 tandem
455 1949 511 2010 sibi
527 1967 575 2010 se:
598 1949 756 2032 cubitoque
770 1951 894 2026 levatus,
977 1961 982 1968 ’
1106 2022 1109 2033 ,

170 2043 253 2117 Quid
269 2045 367 2106 veniat
384 2044 538 2130 (cognorat
553 2043 647 2129 enim)
663 2046 794 2108 scitatur.
839 2046 962 2108 Atina:
1018 2077 1023 2083 =
1107 2061 1109 2065 ’

170 2131 312 2216 ‘Somne
327 2142 409 2224 quies
424 2163 532 2216 rerum,
547 2141 742 2222 placidissime
758 2142 870 2203 Somne
884 2142 1018 2218 deorum,
1080 2142 1144 2204 260

171 2237 238 2298 Pax
253 2237 352 2312 animi,
366 2258 456 2320 quem
471 2257 542 2298 cura
555 2235 647 2318 sugit3
670 2237 719 2320 qui
734 2238 824 2298 corda
838 2237 946 2298 diurnis
1105 2237 1109 2248 ’

171 2325 265 2396 Fessa
279 2333 443 2396 ministeriis
459 2334 581 2409 mulces,
595 2329 772 2416 reparasque
787 2332 896 2408 labori;

171 2427 302 2504 Somnia,
319 2451 381 2512 quae
398 2449 480 2491 veras
495 2443 611 2512 aequent
625 2430 785 2492 imitamine
801 2428 917 2506 formas,
993 2457 994 2460 ¹

171 2525 323 2588 Herculed
336 2525 485 2589 Trachine
496 2526 579 2609 jube,
594 2527 648 2588 sub
663 2527 789 2607 imagine
805 2527 891 2607 regis,

172 2607 347 2705 Halcyonen
364 2623 481 2698 adeant,
496 2623 709 2706 simulacraque
725 2622 863 2704 naufraga
877 2624 997 2704 fingant.
1080 2621 1144 2684 265

131 2721 135 2728 ’
173 2719 301 2802 Imperat
316 2719 489 2780 hoctuna!
535 2719 697 2804 Postquam
713 2720 850 2781 mandata
864 2720 978 2801 peregit
1103 2719 1107 2734 ’“

172 2816 236 2891 Iria,
251 2817 327 2878 abit:
351 2837 447 2897 neque
463 2816 542 2876 enim
558 2816 677 2876 ulterilts
692 2815 815 2876 tolerare
831 2817 947 2896 vaporis

173 2912 245 2973 Vim
261 2925 385 2993 poterat.
431 2910 565 2991 Labique
580 2924 614 2971 ut
627 2931 761 2971 somnum
777 2911 865 2972 sensit
881 2912 1012 2989 inertas,
1042 2989 1047 2992 ὴ

76 3041 79 3046 ’
174 3007 305 3088 Effugia
327 3019 357 3066 et
372 3019 483 3068 remeat
498 3026 552 3088 per
567 3027 639 3088 quos
653 3005 743 3067 modo
757 3020 877 3069 venerat
892 3029 985 3070 arcus

216 3106 258 3166 At
274 3117 358 3187 pater
373 3124 389 3163 e
405 3102 516 3185 populo
531 3117 665 3164 natorum
681 3101 761 3165 mille
776 3125 894 3167 suorum
1082 3106 1145 3172 ato
1174 3123 1179 3128 ·

174 3199 295 3262 Excitat
310 3200 461 3276 artificem,
476 3199 735 3283 simulatoremque
750 3202 856 3282 figure,
962 3251 966 3258 .

174 3297 332 3380 Morphea.
380 3296 449 3365 Non
464 3299 512 3360 illo
524 3298 620 3382 jussos
636 3298 768 3360 solertilrs
784 3300 857 3361 altei

174 3394 324 3476 Exprimit
338 3396 479 3472 incessus,
497 3396 667 3479 vultumque
682 3417 847 3480 sonumque
861 3398 1012 3482 loquendi.

175 3491 286 3575 Adjicit
301 3506 332 3554 et
347 3507 453 3568 vestes,
468 3507 499 3554 et
512 3495 734 3556 consuetissima
748 3494 856 3576 cuique

475 3593 514 3652 10
