2604 4216
146 365 189 426 20
456 366 803 418 METAMORPHOSEON

148 519 250 582 Pleias
261 519 349 581 enixa
364 532 424 580 cst:
447 519 565 602 letoque
581 519 641 594 det,
656 517 789 600 imperat,
802 517 929 602 Argum.
996 532 1001 548 ¹*
1023 563 1024 566 ,

148 613 243 678 Parva
259 637 340 678 mora
354 629 409 704 est,
425 617 485 678 alas
500 615 635 698 pedibus,
651 614 949 696 virgamquepotenti
1006 633 1008 638 ·
1055 617 1121 677 55⁰

148 711 341 775 Somniseram
356 713 514 795 sumpsisse
528 734 627 789 manu,
642 713 829 793 tegimenque
844 711 967 793 capillis·

147 807 221 872 Haec
236 811 286 871 ubi
301 810 453 892 disposuit,
469 809 563 892 patriai
576 807 654 872 Jove
666 823 754 888 natus
770 808 806 869 ab
822 830 889 870 arce

148 905 256 968 Desilit
270 906 299 966 in
316 899 415 968 t'erras.
459 906 523 969 Illic
538 905 876 988 tegimenque'removit,

149 1002 190 1064 Et
204 1003 300 1086 posuit
315 1019 443 1085 pennas:
466 1002 670 1065 tantummodo
685 1003 765 1084 virga
776 1015 894 1068 ‘retenta
908 1015 963 1064 est·
1119 1069 1121 1072 ,

148 1099 216 1160 Haic
232 1100 300 1181 agit,
315 1114 348 1160 ut
363 1115 470 1182 pastor,
486 1121 540 1182 per
554 1099 639 1161 devia
654 1121 720 1160 rura
734 1099 890 1182 capellas,
1020 1130 1027 1136 ·
1055 1094 1121 1162 555

148 1196 230 1258 Dum
249 1198 338 1272 venit,
354 1197 510 1262 abductas:
534 1210 564 1259 et
579 1197 694 1259 stnrotis
709 1210 807 1262 cantat
822 1197 932 1266 avenis.

192 1293 276 1356 Voce
292 1294 370 1356 novi
383 1309 488 1376 captus
502 1307 600 1356 custos
614 1294 770 1376 lunonius,
785 1295 848 1357 ‘At
863 1309 906 1370 tu,

149 1390 312 1474 ‘Quisquis
327 1413 369 1466 es,
385 1392 441 1454 boc
457 1405 573 1474 poteras
587 1413 706 1452 mecum
720 1391 872 1453 considere
888 1391 982 1466 saxn,'
1031 1414 1039 1418 ·

148 1488 247 1568 Argus
263 1489 318 1549 ait:
343 1495 460 1570 ‘neque
476 1489 553 1550 enim
569 1488 668 1570 pecori
681 1488 846 1550 foecundior
859 1485 920 1550 ullo

149 1585 250 1647 Herba
265 1586 331 1648 loco
346 1599 406 1648 est:
431 1601 587 1670 aptamque
604 1586 686 1647 vides
702 1586 863 1668 pastoribus
877 1583 1031 1646 umbram)

149 1682 232 1744 Sedit
246 1683 441 1759 Atlantiades,
457 1697 487 1746 et
507 1697 627 1746 euntem
642 1683 894 1770 multaloquendo
946 1737 950 1742 .
1020 1733 1022 1743 ,
1055 1681 1115 1743 561

149 1779 284 1842 Detinuit
298 1801 433 1842 sermone
449 1781 544 1842 diem:
564 1779 732 1864 junctisque
747 1780 881 1842 canendo
1070 1787 1074 1796 '

150 1875 278 1937 Vincere
295 1876 481 1938 arundinibus
496 1877 641 1939 servantia
654 1877 765 1939 lumina
779 1889 888 1938 tentat:

148 1971 202 2034 llle
217 1987 315 2034 tamen
331 1986 441 2054 pugnat
455 1973 558 2034 molles
574 1973 709 2034 evincere
721 1993 839 2035 somnos
849 1994 861 2034 :¹
967 1973 981 2026 s

38 2120 44 2123 .
149 2065 200 2144 Et,
216 2071 349 2155 quamvis
363 2091 451 2152 sopor
465 2085 509 2132 est
524 2055 675 2134 oculorum
691 2083 773 2154 parte
789 2083 942 2151 receptus;
1012 2111 1015 2115 -
1057 2071 1121 2134 565

149 2167 239 2229 Parte
254 2183 353 2229 tamen
368 2167 477 2248 vigilat.
522 2167 635 2240 Quaerit
652 2187 779 2251 quoque,
797 2165 940 2252 (namque
955 2180 1073 2249 reperta

150 2264 265 2328 Fistula
279 2285 374 2348 nuper
389 2264 465 2350 erat)
483 2265 542 2348 qui
556 2265 592 2326 sit
607 2266 717 2328 ratione
733 2279 858 2348 reperta.
939 2312 942 2317 .
1150 2251 1156 2258 ’

150 2361 236 2424 Talia
251 2363 378 2423 dicturus
395 2363 467 2424 vidit
482 2361 637 2444 Cyllenius
651 2384 753 2424 omnes
858 2403 860 2408 ,

151 2460 347 2521 Succubuisse
362 2460 473 2533 oeulos,
490 2459 689 2540 adopertaque
704 2458 814 2519 lumina
835 2479 949 2520 somno.

152 2555 312 2637 Supprimit
328 2555 480 2636 externplo
496 2575 617 2616 vocem:
640 2555 792 2636 firmatque
808 2575 955 2636 soporem,
1057 2557 1122 2616 ’5ῗο

152 2652 306 2732 Languida
320 2651 506 2736 permplcens
520 2650 668 2714 medicati
680 2649 790 2720 lumina
805 2649 897 2732 virgi.
947 2660 949 2664 ’

152 2749 218 2810 Nec
234 2770 331 2810 mora:
354 2747 461 2808 falcato
475 2760 627 2810 nutantem
640 2749 775 2809 vulnerat
791 2769 871 2824 ense,

153 2845 226 2918 Qut
239 2846 315 2907 collo
330 2844 443 2906 confine
458 2857 564 2926 caput:
586 2865 720 2927 saxoque
734 2826 888 2906 cruentum

153 2942 281 3026 Dejicit;
304 2957 333 3004 et
347 2941 475 3005 maculat
491 2955 665 3024 preruptam
680 2942 818 3023 sanguine
833 2956 961 3008 cautem.
1011 2987 1012 2990 ,

152 3041 245 3120 Arge,
256 3039 354 3122 jaces:
378 3039 515 3122 quodque
532 3039 560 3100 in
575 3053 618 3101 tot
632 3039 742 3100 lumina
757 3040 856 3102 lumen
871 3039 999 3100 habebas
1059 3042 1122 3102 575

153 3125 341 3198 Exstinctuni
357 3150 418 3196 est:
441 3150 620 3219 centumque
635 3137 736 3200 oculos
750 3157 811 3196 nox
826 3150 952 3218 occupat
966 3157 1036 3198 una.

154 3233 275 3315 Excipit
290 3232 353 3308 hoe,
369 3233 553 3313 volucrisque
567 3253 626 3293 suae
642 3233 777 3294 Saturnia
794 3233 895 3312 pennis

153 3328 308 3407 Collocat3
338 3343 369 3390 et
383 3327 507 3409 gemmis
520 3327 645 3390 caudam
660 3328 842 3392 stellantibus
858 3328 970 3410 implet.

196 3426 333 3489 Protinus
348 3425 467 3500 exarsit,
482 3445 538 3487 nee
554 3438 689 3507 tempora
704 3425 815 3490 distulit
828 3425 887 3500 iras,
903 3490 905 3494 f

154 3523 393 3606 Horriseramque
408 3522 500 3584 oculis
516 3521 670 3606 animoque
685 3521 794 3606 objecit
809 3521 944 3607 Erinnyn
1061 3526 1125 3588 580
