2604 4216
157 367 202 430 st
239 444 242 450 ¹
467 357 814 438 narrnonrnoseon
900 366 904 371 ’
964 367 969 374 ·

157 524 340 589 Semanimes
352 547 451 594 ,errare
465 527 529 603 riis,
540 527 615 588 dum
629 541 705 596 stare
720 523 868 604 valebant,

159 623 354 706 Adspiceres3
377 623 483 686 flentes
500 624 581 701 elios,
596 637 738 707 terreque
749 621 901 707 jacentes3
989 661 993 666 ν
1068 623 1131 686 tto

156 718 309 803 Lassaque
324 725 474 784 versantes
488 737 627 806 supremo
641 720 751 782 lumina
765 734 858 782 motu.

187 815 284 890 Quid
297 818 369 880 mihi
383 832 454 880 tuno
469 818 557 880 animi
571 815 646 880 suit?
668 837 716 894 an,
732 817 812 902 quod
826 816 926 879 debuit
940 837 1016 894 esse,

156 912 201 976 Ut
216 915 306 976 vitam
321 915 458 992 odissem,
473 929 503 978 et
516 934 658 997 cuperem
672 935 820 997 parsesse
834 917 988 976 meornrn?

150 1009 232 1084 ‚Quo
246 1032 279 1073 se
293 1033 410 1095 cunque
426 1012 503 1074 acies
518 1011 670 1074 oculorum
686 1011 809 1080 flexerat
818 1033 827 1088 ;
848 1011 907 1074 illie

158 1097 275 1189 Vuigus
289 1123 351 1170 erat
365 1122 504 1170 stratum:
528 1106 619 1170 veluti
632 1108 702 1169 ebra
718 1109 814 1190 pntn'a
829 1109 929 1170 motis¹
989 1157 992 1164 .
1067 1109 1130 1172 1⁷5

156 1203 252 1266 Poma
266 1206 375 1267 cadunt
390 1205 487 1282 remia,
502 1204 668 1292 agitatdque
683 1204 749 1278 ilice
764 1204 896 1286 glandes.

155 1293 285 1384 Templa
302 1302 382 1364 vides
395 1303 508 1379 contria
523 1301 659 1383 gradibus
673 1301 808 1363 sublimia
821 1302 932 1384 longis:
969 1296 973 1306 ’

155 1397 273 1482 Jupiter
286 1399 336 1461 iiia
350 1413 443 1462 tenet.
488 1397 567 1472 Quis
581 1421 640 1462 nou
655 1399 791 1462 alteribus
806 1396 861 1462 illis

64 1498 68 1506 ’
155 1495 239 1559 Irrita
254 1495 339 1559 thura
354 1497 440 1560 tulit?
463 1496 576 1580 quoties
591 1517 646 1579 pro
658 1496 783 1580 conjuge
799 1496 921 1581 conjux,

156 1593 217 1657 Pro
231 1609 319 1676 gnato
334 1595 456 1677 genitor,
472 1594 543 1657 dum
558 1595 648 1656 verba
662 1594 813 1678 precantia
826 1594 908 1670 dicit,

156 1689 226 1752 Non
241 1692 367 1754 exoratis
382 1692 510 1754 estimem
524 1691 616 1756 finivit
631 1691 743 1754 inaris:
880 1681 899 1692 “’

155 1787 249 1870 Inque
264 1811 352 1851 manu
367 1789 459 1850 thuris
473 1811 540 1871 pars
555 1789 760 1872 inconsumpta
774 1801 890 1872 reperta
904 1789 967 1852 est!

154 1885 278 1946 Admoti
292 1885 406 1969 quoties
421 1887 549 1968 templis,
565 1886 635 1946 dum
651 1899 719 1948 vota
734 1885 870 1948 sacerdos

155 1980 305 2064 Concipit,
321 1995 351 2043 et
366 1979 459 2044 fundit
474 2002 579 2064 purum
595 1981 670 2042 inter
683 2003 792 2045 oornua
807 1981 918 2058 vinum,

155 2076 245 2141 Haud
259 2091 433 2162 exspectato
442 2067 617 2140 oeciderunt
633 2075 753 2166 vulnere
768 2079 859 2142 tauri!
935 2093 938 2100 '
957 2113 958 2116 ¹

154 2175 222 2260 Ipse
238 2199 294 2260 ego
308 2199 389 2240 sacra
404 2176 473 2240 Jovi
487 2199 543 2261 pro
555 2197 615 2254 rne,
630 2176 794 2262 patriique,
809 2176 958 2260 tribusque

154 2273 235 2337 cam
250 2275 378 2340 facerem
391 2275 478 2352 natis,
492 2275 620 2358 mugitus
637 2275 754 2338 victima
769 2275 846 2338 diros

154 2371 273 2436 Edidit:
296 2387 326 2435 et
340 2373 437 2435 subitb
451 2373 581 2455 ooliapsa
593 2373 659 2435 sine
674 2373 778 2438 ictibus
792 2371 858 2434 uilis

154 2469 273 2552 Exiguo
288 2470 374 2532 tInxit
389 2469 537 2552 subjectos
552 2470 693 2550 sanguine
707 2470 826 2531 cultros.

152 2564 243 2628 Fibra
257 2587 374 2650 quoque
390 2586 465 2648 aegra
479 2580 562 2627 notas
579 2565 649 2641 veri,
665 2566 850 2650 monitusque
866 2565 993 2629 deorum*

153 2663 344 2725 Prodiderat:
368 2662 464 2724 tristes
479 2675 634 2745 penetrant
649 2661 685 2724 ad
702 2663 814 2724 viscera
828 2663 932 2727 morbi.

152 2758 232 2821 Ante
248 2781 345 2821 sacros
360 2759 419 2823 vidi
436 2759 566 2844 projecta
580 2760 723 2825 cadavera
738 2774 848 2844 postes,

151 2858 232 2919 Ante
248 2857 336 2941 ipsas,
353 2858 412 2942 qud
427 2876 503 2922 rnors
519 2857 593 2921 soret
608 2858 785 2936 invidiosior,
801 2879 875 2922 aras.

46 2941 52 2954 ’
151 2951 224 3016 Pars
239 2957 366 3018 animam
380 2956 487 3041 laqueo
500 2955 641 3019 claudunt
650 2978 659 3032 ;
680 2957 839 3040 mortisque
855 2957 988 3019 timorem

150 3049 250 3113 Morte
266 3052 383 3135 sugant:
408 3055 542 3137 ultroque
558 3067 664 3116 vocant
680 3054 827 3117 venientia
841 3053 910 3116 sata.

150 3147 287 3231 Corpora
300 3151 388 3212 missa
402 3151 468 3213 neci
482 3151 568 3213 nullis
584 3151 621 3212 de
636 3142 718 3213 more
734 3150 865 3214 seruntur

149 3243 334 3309 Funeribus:
358 3269 455 3331 neque
470 3248 548 3309 enirn
564 3248 719 3331 capiebant
734 3247 836 3310 funera
850 3262 951 3330 portae.

149 3343 214 3406 Aut
227 3344 379 3406 inhumata
393 3358 531 3427 premunt
544 3357 653 3406 terras:
677 3359 727 3406 aut
742 3344 847 3406 dantur
861 3345 890 3406 in
905 3347 980 3408 altos

149 3439 284 3504 Indotata
298 3461 394 3523 rogos.
439 3439 481 3502 Et
492 3439 554 3525 jam
569 3441 734 3503 reverentia
747 3441 827 3504 nulla
847 3455 907 3504 est:
945 3523 947 3528 Ι
998 3499 1000 3503 ⁴

149 3538 258 3624 Deque
273 3533 351 3622 iogis
367 3552 515 3622 pugnant:
539 3538 699 3621 alienisque
714 3538 829 3619 ignibus
843 3538 956 3604 ardent.
1059 3541 1124 3603 2oe
