2604 4216
586 376 693 454 'nram
709 403 755 460 vt.
787 383 789 390 ’

186 552 345 616 Mirantem
360 552 508 636 potuisse3
530 539 763 636 irascentemque
778 553 857 636 qudd
872 541 934 616 ausi

186 647 253 713 Hoc
268 666 367 715 essent
380 651 488 734 superi,
502 650 583 734 quod
598 665 709 713 tautum
721 650 795 735 juris
808 650 959 714 haberent.
1032 681 1035 686 ·

185 747 215 810 N
217 769 264 810 am
278 765 363 832 pater
376 749 542 832 Amphion,
551 747 626 810 terro
641 769 694 832 per
707 762 811 830 pectus
826 749 940 825 adacto,
982 765 983 770 ’

136 922 141 935 Ι
185 844 456 916 Finieratmoriens
471 847 579 932 pariter
591 847 741 908 oumiuoe
757 847 897 909 dolorem.
990 857 992 864 ’

228 941 532 1028 neuquanumaaec
546 943 643 1007 moue
659 941 756 1006 niobe
771 927 1020 1019 disiabatab'illa,
1063 945 1067 950 ’

186 1037 263 1112 Qua
278 1041 368 1103 modo
382 1040 485 1103 Latois
496 1041 642 1123 'populum
657 1041 844 1102 submoverat
859 1041 925 1117 aris,
999 1065 1000 1070 ¹
1017 1057 1020 1068 ¹

185 1132 227 1199 Et
240 1138 367 1200 mediam
381 1139 487 1201 tulerat
502 1159 616 1218 gressus
632 1137 767 1220 resupina
781 1158 835 1219 per
848 1137 962 1213 urbem,

184 1232 331 1296 Invidiosa
345 1235 421 1311 suis3
444 1249 474 1296 at
487 1256 566 1297 nunc
581 1234 745 1296 miseranda
760 1235 807 1296 vei
822 1233 915 1296 hosti!
929 1261 933 1268 ·
1042 1257 1046 1278 -·

183 1329 365 1414 Corporibus
380 1332 483 1414 gelidis
498 1330 639 1394 incumbit
649 1351 662 1407 3·
678 1340 711 1392 et
725 1330 824 1392 ordine
839 1330 928 1392 nullo
1093 1331 1153 1394 130

184 1426 297 1490 Oscula
311 1427 458 1511 dispensat
472 1442 555 1490 natos
570 1447 706 1510 suprema
720 1447 777 1510 per
786 1447 900 1489 omnes.

184 1523 215 1584 A
231 1525 335 1608 quibus
350 1525 386 1586 ad
400 1524 511 1586 ooelum
524 1525 644 1586 liventia
656 1524 776 1585 brachia
789 1523 925 1599 tendens,

184 1617 343 1696 ‘Pascere,
357 1621 494 1697 erudelis,
508 1631 617 1696 nostr'o,
632 1619 757 1695 Latona,
773 1620 891 1694 dolore3

184 1714 335 1793 Pascere,’
351 1719 411 1790 εἰει
432 1719 577 1800 ‘satiaque
591 1738 660 1778 meo
673 1728 724 1777 tua
738 1729 858 1798 pectora
872 1717 969 1778 luctu:

187 1812 322 1896 [Corque
338 1812 431 1894 samm
445 1813 538 1890 satia,'
554 1810 645 1879 dixit:
669 1820 740 1894 ‘per
754 1812 855 1874 firnera
869 1813 996 1897 septem]
1093 1815 1152 1876 135

141 1993 151 1998 ι
184 1903 317 1975 Effemr:
341 1912 474 1988 exsulta;
497 1911 659 1994 victrixque
672 1911 790 1975 inimica
805 1910 961 1995 triumpha.
1152 1921 1156 1928 ’

184 2007 249 2072 Cur
263 2023 362 2071 autem
378 2009 503 2073 victrix?
524 2008 635 2070 miserae
651 2008 723 2070 mihi
738 2009 821 2092 plura
834 2021 1001 2090 supersunt,

185 2105 288 2180 Quam
301 2107 353 2170 tibi
367 2105 461 2169 felici:
484 2119 551 2189 post
565 2117 609 2168 tot
624 2127 740 2188 quoque
757 2105 859 2166 sunere
876 2104 981 2167 vinco?
1069 2147 1072 2152 -

227 2203 370 2266 Dixerat:
393 2203 518 2265 insonuit
532 2216 672 2264 contento
686 2223 792 2264 nervus
807 2202 844 2262 ab
859 2222 945 2263 arcu:

186 2299 373 2383 Qni,praeter
387 2299 505 2362 Nioben
521 2319 620 2373 unam,
631 2297 789 2360 conterruit
803 2317 918 2358 omnes.

185 2396 239 2460 Illa
253 2398 331 2459 malo
345 2395 511 2462 estaudax.
556 2395 679 2457 Stabant
693 2415 762 2456 eum
777 2393 906 2456 vestibus
921 2392 988 2455 atris

185 2494 266 2556 Ante
280 2508 358 2556 toros
373 2493 490 2555 fratrum
506 2493 633 2555 demisso
647 2493 726 2554 crine
742 2512 865 2553 sorores.
913 2521 915 2528 v

186 2590 214 2652 Ε
230 2591 332 2674 quibus
347 2591 548 2669 una,'trahens
563 2589 701 2652 haerentia
716 2589 826 2652 viscere
842 2587 912 2664 tela,

184 2685 327 2770 imposito
341 2688 428 2767 fratri,
442 2689 615 2751 moribunda
630 2687 771 2768 relanguit
786 2707 847 2749 ore.

185 2785 299 2863 Altera,
314 2786 398 2850 solari
413 2787 549 2848 miseram
563 2798 668 2847 sonata
684 2797 846 2866 parentem,

185 2882 338 2946 Conticuit
351 2882 459 2957 subiti),
473 2883 679 2966 duplicataque
694 2881 815 2942 vulnere
829 2896 909 2939 oaeoo
923 2890 978 2938 est.

187 2980 321 3064 [Oraque
336 2999 394 3041 non
410 2979 525 3061 pressit,
539 2977 593 3038 nisi
610 2990 763 3059 postquam
778 2974 893 3056 spiritus
909 2972 995 3054 exit]

186 3075 260 3140 an
275 3077 380 3139 frustra
393 3074 507 3157 fugiens
521 3075 673 3138 coiiabitur
681 3095 690 3149 ;
711 3073 760 3134 iila
774 3071 863 3134 sorori

180 3172 369 3238 'Immon'tum
392 3174 465 3236 latet
479 3172 560 3249 haec;
583 3171 662 3233 iliam
675 3169 820 3252 trepidare
836 3166 960 3230 videres.

186 3269 309 3355 Sexque
323 3271 395 3333 datis
410 3271 481 3347 leto,
495 3261 667 3350 diversaque
683 3268 803 3330 vulnera
817 3264 920 3350 passis,
957 3273 960 3280 ’

186 3367 299 3431 Ultima
313 3369 458 3430 restabat:
481 3389 571 3451 quam
586 3379 647 3429 toto
660 3387 782 3449 corpore
797 3377 901 3439 mater,

187 3464 268 3527 Totis
283 3480 363 3529 veste
378 3481 491 3548 tegens,
506 3465 635 3541 ‘Unam
651 3465 859 3546 minimamque
876 3461 1026 3550 relinque;

189 3560 239 3625 De
253 3563 350 3626 muitis
364 3564 514 3628 minimam
525 3563 639 3646 poso0,'
655 3561 802 3635 clamavit,
818 3567 867 3620 ‘et
881 3555 992 3628 unam.⁹
