<?xml version="1.0" encoding="UTF-8"?>
<!DOCTYPE html PUBLIC "-//W3C//DTD XHTML 1.0 Transitional//EN"
    "http://www.w3.org/TR/xhtml1/DTD/xhtml1-transitional.dtd">
<html xmlns="http://www.w3.org/1999/xhtml" xml:lang="en" lang="en">
 <head>
  <title>
</title>
<meta http-equiv="Content-Type" content="text/html;charset=utf-8" />
  <meta name='ocr-system' content='tesseract 3.04.00' />
  <meta name='ocr-capabilities' content='ocr_page ocr_carea ocr_par ocr_line ocrx_word'/>
</head>
<body>
  <div class='ocr_page' id='page_1' title='image "./excerptaexscrip04ovidgoog_0019.png"; bbox 0 0 2604 4216; ppageno 0'>
   <div class='ocr_carea' id='block_1_1' title="bbox 151 365 809 447">
    <p class='ocr_par' dir='ltr' id='par_1_1' title="bbox 151 365 809 447">
     <span class='ocr_line' id='line_1_1' title="bbox 151 365 809 447; baseline -0.011 -19"><span class='ocrx_word' id='word_1_1' title='bbox 151 365 173 428; x_wconf 79' lang='lat'><em>4</em></span> <span class='ocrx_word' id='word_1_2' title='bbox 402 441 404 447; x_wconf 21' lang='grc' dir='ltr'>Ι</span> <span class='ocrx_word' id='word_1_3' title='bbox 463 371 809 424; x_wconf 73' lang='lat' dir='ltr'>ueruuoarflosnou</span> 
     </span>
    </p>
   </div>
   <div class='ocr_carea' id='block_1_2' title="bbox 132 522 990 1387">
    <p class='ocr_par' dir='ltr' id='par_1_2' title="bbox 150 522 906 803">
     <span class='ocr_line' id='line_1_2' title="bbox 152 522 881 608; baseline -0.003 -22"><span class='ocrx_word' id='word_1_4' title='bbox 152 522 223 586; x_wconf 79' lang='lat' dir='ltr'>Siue</span> <span class='ocrx_word' id='word_1_5' title='bbox 238 544 341 585; x_wconf 87' lang='lat' dir='ltr'>recens</span> <span class='ocrx_word' id='word_1_6' title='bbox 356 523 451 600; x_wconf 86' lang='lat' dir='ltr'>tellus,</span> <span class='ocrx_word' id='word_1_7' title='bbox 466 524 646 608; x_wconf 76' lang='lat' dir='ltr'>seductaque</span> <span class='ocrx_word' id='word_1_8' title='bbox 661 543 756 606; x_wconf 82' lang='lat' dir='ltr'>nuper</span> <span class='ocrx_word' id='word_1_9' title='bbox 769 523 807 586; x_wconf 83' lang='lat' dir='ltr'>eb</span> <span class='ocrx_word' id='word_1_10' title='bbox 822 523 881 584; x_wconf 89' lang='lat' dir='ltr'>alto</span> 
     </span>
     <span class='ocr_line' id='line_1_3' title="bbox 150 621 880 711; baseline -0.003 -28"><span class='ocrx_word' id='word_1_11' title='bbox 150 621 288 697; x_wconf 83' lang='lat' dir='ltr'>AEthere,</span> <span class='ocrx_word' id='word_1_12' title='bbox 302 622 419 702; x_wconf 87' lang='lat' dir='ltr'>cognati</span> <span class='ocrx_word' id='word_1_13' title='bbox 433 623 577 711; x_wconf 87' lang='lat' dir='ltr'>retinebat</span> <span class='ocrx_word' id='word_1_14' title='bbox 592 621 704 682; x_wconf 83' lang='lat' dir='ltr'>semina</span> <span class='ocrx_word' id='word_1_15' title='bbox 718 621 798 682; x_wconf 87' lang='lat' dir='ltr'>coeli.</span> <span class='ocrx_word' id='word_1_16' title='bbox 877 651 880 654; x_wconf 95' lang='lat'>·</span> 
     </span>
     <span class='ocr_line' id='line_1_4' title="bbox 150 717 906 803; baseline -0.001 -23"><span class='ocrx_word' id='word_1_17' title='bbox 150 717 253 792; x_wconf 86' lang='lat' dir='ltr'>Quam</span> <span class='ocrx_word' id='word_1_18' title='bbox 269 733 347 782; x_wconf 88' lang='lat' dir='ltr'>satus</span> <span class='ocrx_word' id='word_1_19' title='bbox 362 717 477 803; x_wconf 68' lang='lat' dir='ltr'>Ilpeto,</span> <span class='ocrx_word' id='word_1_20' title='bbox 493 721 617 783; x_wconf 81' lang='lat' dir='ltr'><strong>mixtam</strong></span> <span class='ocrx_word' id='word_1_21' title='bbox 629 717 795 781; x_wconf 88' lang='lat' dir='ltr'>fluvialibus</span> <span class='ocrx_word' id='word_1_22' title='bbox 809 718 906 794; x_wconf 90' lang='lat' dir='ltr'>undis,</span> 
     </span>
    </p>

    <p class='ocr_par' dir='ltr' id='par_1_3' title="bbox 150 809 948 1096">
     <span class='ocr_line' id='line_1_5' title="bbox 150 809 933 898; baseline -0.001 -20"><span class='ocrx_word' id='word_1_23' title='bbox 150 815 179 878; x_wconf 81' lang='lat' dir='ltr'>F</span> <span class='ocrx_word' id='word_1_24' title='bbox 180 817 255 879; x_wconf 81' lang='lat' dir='ltr'>inxit</span> <span class='ocrx_word' id='word_1_25' title='bbox 270 817 299 878; x_wconf 91' lang='lat' dir='ltr'>in</span> <span class='ocrx_word' id='word_1_26' title='bbox 313 817 442 898; x_wconf 87' lang='lat' dir='ltr'>effigiem</span> <span class='ocrx_word' id='word_1_27' title='bbox 458 817 662 890; x_wconf 63' lang='lat' dir='ltr'>moderantem</span> <span class='ocrx_word' id='word_1_28' title='bbox 676 809 784 878; x_wconf 82' lang='lat' dir='ltr'>cuncta</span> <span class='ocrx_word' id='word_1_29' title='bbox 800 817 933 878; x_wconf 84' lang='lat' dir='ltr'>deorum.</span> 
     </span>
     <span class='ocr_line' id='line_1_6' title="bbox 150 913 948 998; baseline 0.001 -23"><span class='ocrx_word' id='word_1_30' title='bbox 150 913 308 998; x_wconf 86' lang='lat' dir='ltr'>Pronaque</span> <span class='ocrx_word' id='word_1_31' title='bbox 322 915 542 997; x_wconf 64' lang='lat' dir='ltr'>cumspectent</span> <span class='ocrx_word' id='word_1_32' title='bbox 556 915 690 977; x_wconf 85' lang='lat' dir='ltr'>animalia</span> <span class='ocrx_word' id='word_1_33' title='bbox 704 929 810 976; x_wconf 80' lang='lat' dir='ltr'>cetere</span> <span class='ocrx_word' id='word_1_34' title='bbox 824 928 948 990; x_wconf 85' lang='lat' dir='ltr'>tertam;</span> 
     </span>
     <span class='ocr_line' id='line_1_7' title="bbox 150 1009 855 1096; baseline 0 -24"><span class='ocrx_word' id='word_1_35' title='bbox 150 1009 195 1072; x_wconf 91' lang='lat' dir='ltr'>Os</span> <span class='ocrx_word' id='word_1_36' title='bbox 210 1011 321 1073; x_wconf 89' lang='lat' dir='ltr'>homini</span> <span class='ocrx_word' id='word_1_37' title='bbox 336 1012 460 1074; x_wconf 87' lang='lat' dir='ltr'>sublime</span> <span class='ocrx_word' id='word_1_38' title='bbox 477 1012 573 1074; x_wconf 89' lang='lat' dir='ltr'>dedit:</span> <span class='ocrx_word' id='word_1_39' title='bbox 596 1013 765 1096; x_wconf 81' lang='lat' dir='ltr'>coelumque</span> <span class='ocrx_word' id='word_1_40' title='bbox 781 1012 855 1073; x_wconf 89' lang='lat' dir='ltr'>tueri</span> 
     </span>
    </p>

    <p class='ocr_par' dir='ltr' id='par_1_4' title="bbox 132 1107 828 1185">
     <span class='ocr_line' id='line_1_8' title="bbox 132 1107 828 1185; baseline 0 -15"><span class='ocrx_word' id='word_1_41' title='bbox 132 1133 134 1138; x_wconf 68' lang='grc'>’</span> <span class='ocrx_word' id='word_1_42' title='bbox 148 1107 252 1185; x_wconf 77' lang='lat' dir='ltr'>tussit,</span> <span class='ocrx_word' id='word_1_43' title='bbox 267 1123 297 1170; x_wconf 92' lang='lat' dir='ltr'>et</span> <span class='ocrx_word' id='word_1_44' title='bbox 313 1122 425 1172; x_wconf 88' lang='lat' dir='ltr'>erectos</span> <span class='ocrx_word' id='word_1_45' title='bbox 441 1108 587 1171; x_wconf 82' lang='lat' dir='ltr'>adsidere</span> <span class='ocrx_word' id='word_1_46' title='bbox 601 1111 703 1179; x_wconf 88' lang='lat' dir='ltr'>tollere</span> <span class='ocrx_word' id='word_1_47' title='bbox 720 1109 828 1171; x_wconf 90' lang='lat' dir='ltr'>vultus.</span> 
     </span>
    </p>

    <p class='ocr_par' dir='ltr' id='par_1_5' title="bbox 148 1205 990 1387">
     <span class='ocr_line' id='line_1_9' title="bbox 149 1205 990 1290; baseline -0.001 -22"><span class='ocrx_word' id='word_1_48' title='bbox 149 1205 211 1282; x_wconf 88' lang='lat' dir='ltr'>Sio,</span> <span class='ocrx_word' id='word_1_49' title='bbox 226 1207 316 1268; x_wconf 77' lang='lat' dir='ltr'>modo</span> <span class='ocrx_word' id='word_1_50' title='bbox 334 1229 397 1290; x_wconf 82' lang='lat' dir='ltr'>que</span> <span class='ocrx_word' id='word_1_51' title='bbox 413 1206 506 1269; x_wconf 87' lang='lat' dir='ltr'>suerat</span> <span class='ocrx_word' id='word_1_52' title='bbox 520 1207 599 1268; x_wconf 79' lang='lat' dir='ltr'>rudis</span> <span class='ocrx_word' id='word_1_53' title='bbox 614 1221 645 1268; x_wconf 92' lang='lat' dir='ltr'>et</span> <span class='ocrx_word' id='word_1_54' title='bbox 659 1208 721 1269; x_wconf 87' lang='lat' dir='ltr'>sine</span> <span class='ocrx_word' id='word_1_55' title='bbox 736 1207 874 1288; x_wconf 85' lang='lat' dir='ltr'>imagine,</span> <span class='ocrx_word' id='word_1_56' title='bbox 889 1207 975 1268; x_wconf 89' lang='lat' dir='ltr'>tellus</span> <span class='ocrx_word' id='word_1_57' title='bbox 988 1252 990 1254; x_wconf 88' lang='lat'>-</span> 
     </span>
     <span class='ocr_line' id='line_1_10' title="bbox 148 1301 901 1387; baseline 0.007 -23"><span class='ocrx_word' id='word_1_58' title='bbox 148 1301 247 1366; x_wconf 89' lang='lat' dir='ltr'>Induit</span> <span class='ocrx_word' id='word_1_59' title='bbox 261 1304 374 1387; x_wconf 80' lang='lat' dir='ltr'>ignotas</span> <span class='ocrx_word' id='word_1_60' title='bbox 388 1303 540 1366; x_wconf 88' lang='lat' dir='ltr'>hominurn</span> <span class='ocrx_word' id='word_1_61' title='bbox 554 1326 697 1366; x_wconf 85' lang='lat' dir='ltr'>conversa</span> <span class='ocrx_word' id='word_1_62' title='bbox 711 1305 827 1386; x_wconf 83' lang='lat' dir='ltr'>figuras.</span> <span class='ocrx_word' id='word_1_63' title='bbox 895 1363 901 1369; x_wconf 83' lang='lat'>.</span> 
     </span>
    </p>
   </div>
   <div class='ocr_carea' id='block_1_3' title="bbox 411 1545 853 1598">
    <p class='ocr_par' dir='ltr' id='par_1_6' title="bbox 411 1545 853 1598">
     <span class='ocr_line' id='line_1_11' title="bbox 411 1545 853 1598; baseline 0.002 -13"><span class='ocrx_word' id='word_1_64' title='bbox 411 1545 564 1598; x_wconf 68' lang='lat' dir='ltr'><strong>QUATUOR</strong></span> <span class='ocrx_word' id='word_1_65' title='bbox 584 1545 690 1586; x_wconf 79' lang='lat' dir='ltr'>MUNDI</span> <span class='ocrx_word' id='word_1_66' title='bbox 712 1545 853 1588; x_wconf 74' lang='grc' dir='ltr'><strong>ΕΤΑΤΕΒ.</strong></span> 
     </span>
    </p>
   </div>
   <div class='ocr_carea' id='block_1_4' title="bbox 581 1698 684 1770">
    <p class='ocr_par' dir='ltr' id='par_1_7' title="bbox 581 1698 684 1770">
     <span class='ocr_line' id='line_1_12' title="bbox 581 1698 684 1770; baseline 0.019 -2"><span class='ocrx_word' id='word_1_67' title='bbox 581 1698 612 1768; x_wconf 80' lang='grc' dir='ltr'>ν’.</span> <span class='ocrx_word' id='word_1_68' title='bbox 631 1709 684 1770; x_wconf 86' lang='grc'>89.</span> 
     </span>
    </p>
   </div>
   <div class='ocr_carea' id='block_1_5' title="bbox 75 1875 1117 3622">
    <p class='ocr_par' dir='ltr' id='par_1_8' title="bbox 75 1875 913 1962">
     <span class='ocr_line' id='line_1_13' title="bbox 75 1875 913 1962; baseline -0.004 -19"><span class='ocrx_word' id='word_1_69' title='bbox 75 1939 77 1943; x_wconf 91' lang='grc'>.</span> <span class='ocrx_word' id='word_1_70' title='bbox 107 1887 110 1890; x_wconf 80' lang='grc'><strong><em>’</em></strong></span> <span class='ocrx_word' id='word_1_71' title='bbox 147 1879 250 1942; x_wconf 82' lang='lat' dir='ltr'>Aurea</span> <span class='ocrx_word' id='word_1_72' title='bbox 264 1878 357 1962; x_wconf 89' lang='lat' dir='ltr'>prima</span> <span class='ocrx_word' id='word_1_73' title='bbox 371 1891 434 1948; x_wconf 78' lang='lat' dir='ltr'>seta</span> <span class='ocrx_word' id='word_1_74' title='bbox 449 1890 494 1940; x_wconf 86' lang='lat' dir='ltr'>est</span> <span class='ocrx_word' id='word_1_75' title='bbox 509 1891 678 1961; x_wconf 55' lang='lat' dir='ltr'>etas,‹quae,</span> <span class='ocrx_word' id='word_1_76' title='bbox 694 1875 808 1940; x_wconf 89' lang='lat' dir='ltr'>vindice</span> <span class='ocrx_word' id='word_1_77' title='bbox 823 1878 913 1954; x_wconf 91' lang='lat' dir='ltr'>nullo,</span> 
     </span>
    </p>

    <p class='ocr_par' dir='ltr' id='par_1_9' title="bbox 148 1977 946 2060">
     <span class='ocr_line' id='line_1_14' title="bbox 148 1977 946 2060; baseline -0.003 -20"><span class='ocrx_word' id='word_1_78' title='bbox 148 1977 261 2060; x_wconf 83' lang='lat' dir='ltr'>Sponte</span> <span class='ocrx_word' id='word_1_79' title='bbox 276 1977 340 2053; x_wconf 73' lang='lat' dir='ltr'>sub,</span> <span class='ocrx_word' id='word_1_80' title='bbox 355 1977 418 2039; x_wconf 88' lang='lat' dir='ltr'>siue</span> <span class='ocrx_word' id='word_1_81' title='bbox 432 1978 510 2058; x_wconf 87' lang='lat' dir='ltr'>lege,</span> <span class='ocrx_word' id='word_1_82' title='bbox 526 1977 614 2038; x_wconf 82' lang='lat' dir='ltr'>fidem</span> <span class='ocrx_word' id='word_1_83' title='bbox 629 1989 804 2060; x_wconf 88' lang='lat' dir='ltr'>rectumque</span> <span class='ocrx_word' id='word_1_84' title='bbox 818 1977 946 2038; x_wconf 90' lang='lat' dir='ltr'>colebat.</span> 
     </span>
    </p>

    <p class='ocr_par' dir='ltr' id='par_1_10' title="bbox 147 2073 959 2158">
     <span class='ocr_line' id='line_1_15' title="bbox 147 2073 959 2158; baseline -0.001 -21"><span class='ocrx_word' id='word_1_85' title='bbox 147 2073 243 2138; x_wconf 86' lang='lat' dir='ltr'>Poena</span> <span class='ocrx_word' id='word_1_86' title='bbox 257 2089 411 2158; x_wconf 88' lang='lat' dir='ltr'>metusque</span> <span class='ocrx_word' id='word_1_87' title='bbox 426 2075 564 2136; x_wconf 85' lang='lat' dir='ltr'>aberant:</span> <span class='ocrx_word' id='word_1_88' title='bbox 587 2095 643 2136; x_wconf 85' lang='lat' dir='ltr'>nec</span> <span class='ocrx_word' id='word_1_89' title='bbox 657 2074 747 2136; x_wconf 87' lang='lat' dir='ltr'>verba</span> <span class='ocrx_word' id='word_1_90' title='bbox 761 2074 886 2136; x_wconf 85' lang='lat' dir='ltr'>minacia</span> <span class='ocrx_word' id='word_1_91' title='bbox 898 2074 959 2136; x_wconf 84' lang='lat' dir='ltr'>lixo</span> 
     </span>
    </p>

    <p class='ocr_par' dir='ltr' id='par_1_11' title="bbox 147 2171 905 2258">
     <span class='ocr_line' id='line_1_16' title="bbox 147 2171 905 2258; baseline -0.004 -23"><span class='ocrx_word' id='word_1_92' title='bbox 147 2173 220 2235; x_wconf 87' lang='lat' dir='ltr'>AEre</span> <span class='ocrx_word' id='word_1_93' title='bbox 235 2173 424 2258; x_wconf 82' lang='lat' dir='ltr'>legebantur:</span> <span class='ocrx_word' id='word_1_94' title='bbox 447 2195 503 2234; x_wconf 89' lang='lat' dir='ltr'>nec</span> <span class='ocrx_word' id='word_1_95' title='bbox 519 2173 648 2254; x_wconf 80' lang='lat' dir='ltr'>supplex</span> <span class='ocrx_word' id='word_1_96' title='bbox 662 2172 748 2233; x_wconf 89' lang='lat' dir='ltr'>turba</span> <span class='ocrx_word' id='word_1_97' title='bbox 762 2171 905 2232; x_wconf 84' lang='lat' dir='ltr'>timebant</span> 
     </span>
    </p>

    <p class='ocr_par' dir='ltr' id='par_1_12' title="bbox 147 2268 847 2352">
     <span class='ocr_line' id='line_1_17' title="bbox 147 2268 847 2352; baseline -0.003 -20"><span class='ocrx_word' id='word_1_98' title='bbox 147 2269 261 2332; x_wconf 84' lang='lat' dir='ltr'>Judicis</span> <span class='ocrx_word' id='word_1_99' title='bbox 276 2291 327 2331; x_wconf 88' lang='lat' dir='ltr'>ora</span> <span class='ocrx_word' id='word_1_100' title='bbox 342 2271 404 2335; x_wconf 88' lang='lat' dir='ltr'>sui:</span> <span class='ocrx_word' id='word_1_101' title='bbox 427 2271 479 2332; x_wconf 88' lang='lat' dir='ltr'>sed</span> <span class='ocrx_word' id='word_1_102' title='bbox 496 2285 578 2332; x_wconf 89' lang='lat' dir='ltr'>erant</span> <span class='ocrx_word' id='word_1_103' title='bbox 593 2269 655 2332; x_wconf 86' lang='lat' dir='ltr'>sine</span> <span class='ocrx_word' id='word_1_104' title='bbox 666 2268 767 2352; x_wconf 87' lang='lat' dir='ltr'>judice</span> <span class='ocrx_word' id='word_1_105' title='bbox 783 2269 847 2330; x_wconf 88' lang='lat' dir='ltr'>tuti.</span> 
     </span>
    </p>

    <p class='ocr_par' dir='ltr' id='par_1_13' title="bbox 146 2367 947 2549">
     <span class='ocr_line' id='line_1_18' title="bbox 147 2367 947 2451; baseline -0.001 -21"><span class='ocrx_word' id='word_1_106' title='bbox 147 2367 287 2430; x_wconf 87' lang='lat' dir='ltr'>Nondum</span> <span class='ocrx_word' id='word_1_107' title='bbox 304 2391 378 2430; x_wconf 84' lang='lat' dir='ltr'>caesa</span> <span class='ocrx_word' id='word_1_108' title='bbox 393 2369 462 2445; x_wconf 86' lang='lat' dir='ltr'>suis,</span> <span class='ocrx_word' id='word_1_109' title='bbox 474 2369 659 2451; x_wconf 85' lang='lat' dir='ltr'>peregrinum</span> <span class='ocrx_word' id='word_1_110' title='bbox 671 2381 703 2428; x_wconf 91' lang='lat' dir='ltr'>ut</span> <span class='ocrx_word' id='word_1_111' title='bbox 715 2367 820 2428; x_wconf 83' lang='lat' dir='ltr'>viseret</span> <span class='ocrx_word' id='word_1_112' title='bbox 835 2367 947 2442; x_wconf 89' lang='lat' dir='ltr'>orbem,</span> 
     </span>
     <span class='ocr_line' id='line_1_19' title="bbox 146 2463 924 2549; baseline -0.004 -21"><span class='ocrx_word' id='word_1_113' title='bbox 146 2465 311 2542; x_wconf 87' lang='lat' dir='ltr'>Montibus,</span> <span class='ocrx_word' id='word_1_114' title='bbox 325 2466 354 2526; x_wconf 91' lang='lat' dir='ltr'>in</span> <span class='ocrx_word' id='word_1_115' title='bbox 367 2466 492 2549; x_wconf 85' lang='lat' dir='ltr'>liquidas</span> <span class='ocrx_word' id='word_1_116' title='bbox 506 2465 592 2548; x_wconf 87' lang='lat' dir='ltr'>pinus</span> <span class='ocrx_word' id='word_1_117' title='bbox 602 2464 799 2528; x_wconf 77' lang='lat' dir='ltr'>descenderat</span> <span class='ocrx_word' id='word_1_118' title='bbox 814 2463 924 2527; x_wconf 88' lang='lat' dir='ltr'>undas:</span> 
     </span>
    </p>

    <p class='ocr_par' dir='ltr' id='par_1_14' title="bbox 147 2561 892 2646">
     <span class='ocr_line' id='line_1_20' title="bbox 147 2561 892 2646; baseline -0.004 -20"><span class='ocrx_word' id='word_1_119' title='bbox 147 2562 295 2646; x_wconf 89' lang='lat' dir='ltr'>Nullaque</span> <span class='ocrx_word' id='word_1_120' title='bbox 312 2563 577 2644; x_wconf 73' lang='lat' dir='ltr'>mortales„praeter</span> <span class='ocrx_word' id='word_1_121' title='bbox 591 2583 654 2637; x_wconf 88' lang='lat' dir='ltr'>sua,</span> <span class='ocrx_word' id='word_1_122' title='bbox 668 2562 764 2622; x_wconf 89' lang='lat' dir='ltr'>littora</span> <span class='ocrx_word' id='word_1_123' title='bbox 779 2561 892 2624; x_wconf 79' lang='lat' dir='ltr'>nbrant.</span> 
     </span>
    </p>

    <p class='ocr_par' dir='ltr' id='par_1_15' title="bbox 147 2658 877 2743">
     <span class='ocr_line' id='line_1_21' title="bbox 147 2658 877 2743; baseline -0.004 -20"><span class='ocrx_word' id='word_1_124' title='bbox 147 2661 288 2725; x_wconf 89' lang='lat' dir='ltr'>Nondum</span> <span class='ocrx_word' id='word_1_125' title='bbox 305 2660 468 2742; x_wconf 74' lang='lat' dir='ltr'>precipites</span> <span class='ocrx_word' id='word_1_126' title='bbox 483 2660 640 2740; x_wconf 80' lang='lat' dir='ltr'>cingebant</span> <span class='ocrx_word' id='word_1_127' title='bbox 654 2659 763 2743; x_wconf 86' lang='lat' dir='ltr'>oppida</span> <span class='ocrx_word' id='word_1_128' title='bbox 779 2658 877 2721; x_wconf 82' lang='lat' dir='ltr'>sossae:</span> 
     </span>
    </p>

    <p class='ocr_par' dir='ltr' id='par_1_16' title="bbox 147 2755 800 2834">
     <span class='ocr_line' id='line_1_22' title="bbox 147 2755 800 2834; baseline -0.003 -14"><span class='ocrx_word' id='word_1_129' title='bbox 147 2757 216 2820; x_wconf 88' lang='lat' dir='ltr'>Non</span> <span class='ocrx_word' id='word_1_130' title='bbox 232 2758 303 2819; x_wconf 89' lang='lat' dir='ltr'>tuba</span> <span class='ocrx_word' id='word_1_131' title='bbox 317 2757 430 2834; x_wconf 88' lang='lat' dir='ltr'>directi,</span> <span class='ocrx_word' id='word_1_132' title='bbox 444 2779 504 2820; x_wconf 89' lang='lat' dir='ltr'>non</span> <span class='ocrx_word' id='word_1_133' title='bbox 519 2755 580 2819; x_wconf 86' lang='lat' dir='ltr'>aeris</span> <span class='ocrx_word' id='word_1_134' title='bbox 594 2778 705 2818; x_wconf 89' lang='lat' dir='ltr'>cornua</span> <span class='ocrx_word' id='word_1_135' title='bbox 719 2755 800 2832; x_wconf 87' lang='lat' dir='ltr'>flexi,</span> 
     </span>
    </p>

    <p class='ocr_par' dir='ltr' id='par_1_17' title="bbox 147 2853 959 2936">
     <span class='ocr_line' id='line_1_23' title="bbox 147 2853 959 2936; baseline -0.002 -19"><span class='ocrx_word' id='word_1_136' title='bbox 147 2854 217 2917; x_wconf 89' lang='lat' dir='ltr'>Non</span> <span class='ocrx_word' id='word_1_137' title='bbox 232 2855 332 2936; x_wconf 78' lang='lat' dir='ltr'>galee,</span> <span class='ocrx_word' id='word_1_138' title='bbox 347 2876 406 2916; x_wconf 92' lang='lat' dir='ltr'>non</span> <span class='ocrx_word' id='word_1_139' title='bbox 422 2855 509 2931; x_wconf 77' lang='lat' dir='ltr'>ensiS,</span> <span class='ocrx_word' id='word_1_140' title='bbox 525 2867 617 2916; x_wconf 86' lang='lat' dir='ltr'>erant.</span> <span class='ocrx_word' id='word_1_141' title='bbox 663 2853 733 2916; x_wconf 89' lang='lat' dir='ltr'>Sine</span> <span class='ocrx_word' id='word_1_142' title='bbox 748 2853 846 2916; x_wconf 89' lang='lat' dir='ltr'>militis</span> <span class='ocrx_word' id='word_1_143' title='bbox 861 2876 917 2916; x_wconf 88' lang='lat' dir='ltr'>usu</span> <span class='ocrx_word' id='word_1_144' title='bbox 955 2878 959 2883; x_wconf 94' lang='grc'><em>·</em></span> 
     </span>
    </p>

    <p class='ocr_par' dir='ltr' id='par_1_18' title="bbox 146 2953 1117 3134">
     <span class='ocr_line' id='line_1_24' title="bbox 146 2953 1117 3038; baseline -0.001 -24"><span class='ocrx_word' id='word_1_145' title='bbox 146 2953 251 3015; x_wconf 91' lang='lat' dir='ltr'>Mollia</span> <span class='ocrx_word' id='word_1_146' title='bbox 265 2961 375 3015; x_wconf 73' lang='lat' dir='ltr'>securae</span> <span class='ocrx_word' id='word_1_147' title='bbox 391 2955 569 3038; x_wconf 85' lang='lat' dir='ltr'>peragebant</span> <span class='ocrx_word' id='word_1_148' title='bbox 584 2953 783 3017; x_wconf 22' lang='lat' dir='ltr'>otiawmentes.</span> <span class='ocrx_word' id='word_1_149' title='bbox 1059 2955 1117 3035; x_wconf 80' lang='lat'>100</span> 
     </span>
     <span class='ocr_line' id='line_1_25' title="bbox 146 3045 960 3134; baseline -0.002 -22"><span class='ocrx_word' id='word_1_150' title='bbox 146 3049 215 3134; x_wconf 88' lang='lat' dir='ltr'>lpsa</span> <span class='ocrx_word' id='word_1_151' title='bbox 231 3073 348 3133; x_wconf 90' lang='lat' dir='ltr'>quoque</span> <span class='ocrx_word' id='word_1_152' title='bbox 364 3052 510 3128; x_wconf 74' lang='lat' dir='ltr'>irnmuniS,</span> <span class='ocrx_word' id='word_1_153' title='bbox 526 3045 676 3134; x_wconf 80' lang='lat' dir='ltr'>rastroque</span> <span class='ocrx_word' id='word_1_154' title='bbox 691 3050 810 3124; x_wconf 85' lang='lat' dir='ltr'>intacta,</span> <span class='ocrx_word' id='word_1_155' title='bbox 825 3071 880 3111; x_wconf 88' lang='lat' dir='ltr'>nec</span> <span class='ocrx_word' id='word_1_156' title='bbox 895 3049 960 3110; x_wconf 89' lang='lat' dir='ltr'>ullis</span> 
     </span>
    </p>

    <p class='ocr_par' dir='ltr' id='par_1_19' title="bbox 146 3147 894 3231">
     <span class='ocr_line' id='line_1_26' title="bbox 146 3147 894 3231; baseline -0.004 -20"><span class='ocrx_word' id='word_1_157' title='bbox 146 3149 254 3211; x_wconf 85' lang='lat' dir='ltr'>Saucia</span> <span class='ocrx_word' id='word_1_158' title='bbox 270 3149 446 3225; x_wconf 87' lang='lat' dir='ltr'>vomeribus,</span> <span class='ocrx_word' id='word_1_159' title='bbox 463 3171 562 3231; x_wconf 86' lang='lat' dir='ltr'>perse</span> <span class='ocrx_word' id='word_1_160' title='bbox 578 3149 665 3211; x_wconf 88' lang='lat' dir='ltr'>dabat</span> <span class='ocrx_word' id='word_1_161' title='bbox 680 3149 777 3209; x_wconf 85' lang='lat' dir='ltr'>omnia</span> <span class='ocrx_word' id='word_1_162' title='bbox 792 3147 894 3208; x_wconf 90' lang='lat' dir='ltr'>tellus:</span> 
     </span>
    </p>

    <p class='ocr_par' dir='ltr' id='par_1_20' title="bbox 75 3242 823 3329">
     <span class='ocr_line' id='line_1_27' title="bbox 75 3242 823 3329; baseline -0.005 -21"><span class='ocrx_word' id='word_1_163' title='bbox 75 3242 79 3250; x_wconf 83' lang='grc'><em>’</em></span> <span class='ocrx_word' id='word_1_164' title='bbox 147 3245 347 3329; x_wconf 88' lang='lat' dir='ltr'>Contentique</span> <span class='ocrx_word' id='word_1_165' title='bbox 363 3246 445 3321; x_wconf 81' lang='lat' dir='ltr'>cibis,</span> <span class='ocrx_word' id='word_1_166' title='bbox 461 3246 542 3307; x_wconf 88' lang='lat' dir='ltr'>nullo</span> <span class='ocrx_word' id='word_1_167' title='bbox 556 3259 693 3326; x_wconf 83' lang='lat' dir='ltr'>cogente,</span> <span class='ocrx_word' id='word_1_168' title='bbox 709 3243 823 3319; x_wconf 74' lang='lat' dir='ltr'>creetiS,</span> 
     </span>
    </p>

    <p class='ocr_par' dir='ltr' id='par_1_21' title="bbox 147 3340 879 3425">
     <span class='ocr_line' id='line_1_28' title="bbox 147 3340 879 3425; baseline -0.004 -21"><span class='ocrx_word' id='word_1_169' title='bbox 147 3343 296 3404; x_wconf 85' lang='lat' dir='ltr'>Arbuteos</span> <span class='ocrx_word' id='word_1_170' title='bbox 312 3343 411 3418; x_wconf 75' lang='lat' dir='ltr'>soetuS,</span> <span class='ocrx_word' id='word_1_171' title='bbox 427 3356 622 3425; x_wconf 82' lang='lat' dir='ltr'>montanaque</span> <span class='ocrx_word' id='word_1_172' title='bbox 638 3341 717 3422; x_wconf 78' lang='lat' dir='ltr'>baga</span> <span class='ocrx_word' id='word_1_173' title='bbox 731 3340 879 3421; x_wconf 81' lang='lat' dir='ltr'>legebant,</span> 
     </span>
    </p>

    <p class='ocr_par' dir='ltr' id='par_1_22' title="bbox 90 3437 1116 3622">
     <span class='ocr_line' id='line_1_29' title="bbox 90 3437 1116 3523; baseline 0.001 -22.058"><span class='ocrx_word' id='word_1_174' title='bbox 90 3437 316 3523; x_wconf 86' lang='lat' dir='ltr'>Cornaque,</span> <span class='ocrx_word' id='word_1_175' title='bbox 333 3453 363 3500; x_wconf 89' lang='lat' dir='ltr'>et</span> <span class='ocrx_word' id='word_1_176' title='bbox 379 3440 407 3500; x_wconf 90' lang='lat' dir='ltr'>iu</span> <span class='ocrx_word' id='word_1_177' title='bbox 424 3439 502 3500; x_wconf 86' lang='lat' dir='ltr'>duris</span> <span class='ocrx_word' id='word_1_178' title='bbox 518 3438 657 3501; x_wconf 79' lang='lat' dir='ltr'>haerentia</span> <span class='ocrx_word' id='word_1_179' title='bbox 672 3460 753 3500; x_wconf 87' lang='lat' dir='ltr'>mora</span> <span class='ocrx_word' id='word_1_180' title='bbox 767 3437 895 3514; x_wconf 82' lang='lat' dir='ltr'>rubetis3</span> <span class='ocrx_word' id='word_1_181' title='bbox 1057 3445 1116 3502; x_wconf 82' lang='lat'>105</span> 
     </span>
     <span class='ocr_line' id='line_1_30' title="bbox 149 3535 930 3622; baseline -0.003 -22"><span class='ocrx_word' id='word_1_182' title='bbox 149 3537 188 3602; x_wconf 82' lang='lat' dir='ltr'>Et</span> <span class='ocrx_word' id='word_1_183' title='bbox 204 3560 267 3622; x_wconf 88' lang='lat' dir='ltr'>quae</span> <span class='ocrx_word' id='word_1_184' title='bbox 283 3537 451 3599; x_wconf 87' lang='lat' dir='ltr'>deciderant</span> <span class='ocrx_word' id='word_1_185' title='bbox 466 3537 567 3620; x_wconf 85' lang='lat' dir='ltr'>patula</span> <span class='ocrx_word' id='word_1_186' title='bbox 581 3535 664 3598; x_wconf 83' lang='lat' dir='ltr'>Jovis</span> <span class='ocrx_word' id='word_1_187' title='bbox 680 3537 782 3598; x_wconf 88' lang='lat' dir='ltr'>arbore</span> <span class='ocrx_word' id='word_1_188' title='bbox 798 3535 930 3617; x_wconf 87' lang='lat' dir='ltr'>glandes</span> 
     </span>
    </p>
   </div>
   <div class='ocr_carea' id='block_1_6' title="bbox 0 0 1306 4216">
    <p class='ocr_par' dir='ltr' id='par_1_23' title="bbox 0 0 1306 4216">
     <span class='ocr_line' id='line_1_31' title="bbox 0 0 1306 4216; baseline 0 1"><span class='ocrx_word' id='word_1_189' title='bbox 0 0 1306 4216; x_wconf 95' lang='lat' dir='ltr'> </span> 
     </span>
    </p>
   </div>
  </div>
 </body>
</html>
