2608 4218
443 396 449 401 ’
540 405 544 412 v
571 365 697 450 ''uiuua
713 383 760 441 xr.
852 381 854 388 ’

563 625 710 751 ,urana
728 639 788 748 xi.
818 661 819 664 ‘
840 609 842 614 ⁸

501 929 503 932 Ι
606 845 734 936 urnas.

629 1055 659 1098 v.
673 1035 727 1098 89.

195 1211 285 1283 llunc
301 1213 421 1277 adsueta
434 1216 545 1278 cohors·
554 1215 662 1298 Satyri,
672 1214 864 1300 <Bacchoque
879 1215 1080 1301 frequentant:
1144 1289 1149 1294 ,

195 1311 237 1396 dt
253 1311 369 1373 Silenus
384 1314 476 1374 abest.
520 1311 712 1374 'Iitubantem
727 1313 867 1396 annisque
882 1321 1023 1397 meroque
1236 1301 1240 1312 ¹

195 1405 341 1470 Ruricolre
356 1405 465 1490 cepere
479 1403 633 1490 Phryge&
657 1409 846 1492 vinctumque
856 1411 974 1472 coronis

195 1501 246 1563 Ad
260 1524 361 1584 regem
376 1493 492 1565 traicere
508 1502 627 1566 Midan:
650 1504 698 1565 cui
712 1501 859 1566 Thracius
874 1503 1015 1588 Orpheus
1138 1581 1140 1587 s
1155 1575 1158 1581 ¹

195 1593 286 1678 Orgia
302 1598 467 1674 tradiderat,
482 1621 551 1660 cum
562 1599 715 1682 Cecropio
730 1599 890 1682 Eumolpo.
1145 1603 1166 1666 5

195 1691 261 1765 Qui
275 1693 361 1756 simul
375 1695 494 1776 agnovit
509 1695 621 1756 socium
635 1695 832 1778 comitemque
847 1701 1004 1774 sacrorum,

196 1788 331 1872 Hospitis
346 1790 475 1852 adventu
490 1789 597 1852 festum
611 1790 762 1873 genialiter
776 1791 835 1873 egit

195 1875 257 1948 Per
269 1877 314 1949 bis
329 1887 458 1972 quinque
473 1875 547 1963 dies,
559 1901 592 1949 et
602 1887 720 1972 junctas
735 1888 836 1950 ordine
851 1902 963 1950 noctes

236 1983 279 2045 Et
288 1983 351 2068 jam
365 1985 513 2046 stellarum
528 1983 652 2046 sublime
667 1987 806 2066 coegerat
819 1983 940 2066 agmen

195 2078 315 2142 Lucifer
328 2081 510 2166 undecimus
526 2080 628 2164 Lydos
643 2081 712 2144 crim
726 2081 808 2144 laetus
822 2082 851 2144 in
869 2104 953 2164 agros
1127 2081 1167 2148 10
1269 2091 1276 2161 ¹.

195 2175 267 2238 Rex
282 2177 380 2252 uenit;
402 2191 432 2238 et
442 2176 546 2260 juveni
561 2174 695 2239 Silenum
709 2177 805 2240 reddit
824 2179 952 2244 alumno.

196 2269 364 2335 Huic-dous
379 2273 498 2354 optandi
513 2285 638 2356 gratum,
653 2274 705 2334 sed
721 2273 833 2350 inutile,
849 2273 919 2336 fecit

151 2427 155 2434 ,
195 2364 329 2448 Muneris
344 2369 501 2446 arbitrium,
514 2370 647 2452 gaudens
663 2369 753 2432 altore
767 2361 899 2453 recepto.
1000 2375 1002 2380 '

195 2459 249 2526 Ille
263 2464 340 2526 male
355 2485 458 2526 usurus
473 2464 567 2543 donis,
579 2461 628 2543 ait,
645 2451 772 2544 ²Effice,
788 2467 929 2550 quidquid
1149 2531 1152 2536 ,

196 2558 329 2643 Corpore
343 2561 503 2643 contigero,
518 2561 630 2625 fulvum
647 2577 776 2627 vertatur
790 2563 819 2626 in
835 2563 960 2626 aarum!
1128 2567 1167 2628 15

196 2657 309 2719 Adnuit
323 2659 445 2741 optatis:
469 2659 660 2743 nocituraque
675 2682 797 2723 munera
811 2661 897 2723 solvit

195 2751 303 2830 Liber3
325 2768 355 2816 at
369 2755 502 2832 indoluit,
517 2755 597 2838 qudd
611 2775 670 2818 non
684 2757 804 2820 meliora
819 2757 952 2841 petisset.

237 2850 337 2912 Latus
352 2851 429 2926 abit3
452 2853 619 2934 gaudetque
635 2853 712 2914 malo
727 2853 947 2935 Berecynthius
963 2854 1067 2916 heros:

195 2943 422 3029 pollicitamque
438 2945 525 3008 fidem
540 2949 688 3028 tangendo
703 2949 816 3029 singula
829 2963 933 3010 tentat.

196 3041 317 3126 Vixque
332 3042 385 3105 sibi
400 3042 534 3120 credens>
549 3066 607 3106 non
623 3043 682 3106 altri
697 3044 798 3107 fronde
814 3045 955 3108 virentem
998 3043 1001 3048 ’
1125 3049 1168 3111 20

195 3137 266 3202 llice
283 3140 409 3205 detraxit
424 3140 553 3222 virgam:
577 3140 658 3223 virga
673 3163 760 3204 aurea
769 3127 853 3203 ¹sacta
867 3156 921 3204 est.

195 3234 287 3299 Tollit
302 3237 392 3299 humo
406 3258 529 3299 saxum:
552 3260 657 3302 saxum
673 3249 790 3324 quoque
805 3239 908 3322 palluit
922 3261 1003 3304 auro.
1063 3229 1064 3232 ¹

196 3330 330 3417 Contigit
344 3349 374 3396 et
388 3336 522 3416 glebam:
545 3351 682 3399 contactu
697 3338 783 3420 gleba
797 3339 910 3423 potenti

197 3430 297 3493 Massa
311 3433 352 3492 fit.
397 3433 525 3494 Arentes
541 3432 660 3496 Cereris
676 3434 823 3518 decerpsit
838 3435 958 3497 aristas:

197 3527 298 3590 Aurea
311 3529 413 3590 messis
428 3543 500 3591 erat.
544 3529 711 3614 Demptum
726 3545 807 3593 tenet
823 3533 924 3594 arbore
940 3549 1079 3613 pomum:
1124 3531 1166 3591 25

408 3626 456 3688 9*
884 3629 886 3634 ’
