2604 4216
165 370 209 440 44
484 371 832 428 ΜΕΤΑΜΟΒΡΗΟΒΕΟΝ

166 525 216 592 De
231 525 319 590 modo
335 523 435 610 viginti
451 527 509 612 (tot
523 525 602 590 enim
615 527 684 594 rats
698 521 748 590 ilia
761 524 888 611 serebat)

165 625 328 688 Restobem
342 626 431 688 solus.
474 624 632 700 Pavidum,
644 625 833 707 gelidumque
848 618 983 690 trementi
1003 693 1006 701 y

166 717 310 804 Corpore,
326 722 435 805 vixque
450 717 554 784 meum
562 721 657 788 fumet
672 721 756 798 deus,
770 719 951 796 “Excute''
967 719 1079 796 dicens,

166 817 296 881 “Corde
310 833 433 895 metum,
449 817 598 901 Diamque
613 816 715 880 tene.’'
759 816 886 882 Delatus
899 813 1033 892 inillam,
1117 871 1119 878 ,
1150 884 1154 892 ,

165 915 309 978 Aooensis
323 915 388 994 eris,
402 915 554 978 Baccheis
567 935 649 976 sacra
662 913 837 998 frequento.²
894 969 898 974 .
1042 973 1044 978 ,
1070 913 1136 976 275

484 1201 818 1214 ψ

457 1451 459 1457 ·
538 1435 676 1500 menn
704 1435 776 1530 nn·

421 1653 540 1715 rrum
562 1653 605 1695 nr
625 1651 762 1694 'reterns
784 1651 879 1695 noes.

601 1834 630 1875 v.
646 1816 700 1876 55.

72 1993 91 2054 e,
155 1981 314 2065 ,Pyramus
327 1996 358 2046 et
372 1979 497 2058 Thisbe,
507 1979 651 2064 juvenum
665 1968 877 2064 pulcherrimus
891 1981 976 2060 niter,

167 2080 281 2156 Altera,
296 2100 368 2162 ques
382 2077 490 2140 Oriens
505 2077 618 2154 hebuit,
632 2077 749 2160 praeieta
763 2076 879 2162 puellis,
899 2137 903 2144 ,
959 2125 964 2136 .
1018 2077 1021 2084 ’
1076 2155 1080 2164 Ι

166 2176 329 2257 Contiguus
344 2175 468 2237 tenuere
481 2175 603 2242 domos:
627 2174 794 2238 ubidicitur
808 2175 898 2238 altem

167 2272 331 2336 Coctilibns
345 2273 435 2356 muris
448 2273 574 2338 cinxisse
590 2271 759 2336 Semiramis
772 2273 885 2338 urbem.

168 2368 321 2446 Notitiam,
336 2371 503 2454 primosque
517 2369 624 2452 gradus
638 2369 744 2432 vicinia
758 2368 845 2433 feeit:
1113 2371 1137 2434 5

166 2466 318 2550 Tempore
333 2468 427 2530 erevit
440 2488 537 2531 emor:
560 2465 641 2528 taedae
656 2486 773 2548 quoque
783 2465 850 2549 jure
865 2463 994 2530 coissent
1002 2487 1013 2544 ;

167 2563 227 2629 Sed
244 2565 364 2626 vetuere
379 2576 486 2646 patres,
502 2561 579 2645 quod
594 2582 653 2624 non
668 2563 791 2644 potuere
806 2575 917 2624 veturs.
944 2603 949 2625 2

210 2659 312 2722 Fissus
327 2673 389 2722 erat
403 2659 485 2720 tenui
498 2657 582 2734 rimi,
598 2679 687 2741 quam
700 2658 825 2722 duxerat
842 2659 927 2738 olim,
1008 2705 1014 2715 =

166 2756 247 2821 cnm
261 2758 343 2819 fieret
357 2756 452 2840 peries
464 2745 565 2822 domui
577 2757 740 2820 communis
755 2755 881 2841 utrique,
1070 2819 1073 2827 ,
1097 2815 1101 2824 .

166 2853 202 2919 Id
217 2854 321 2919 vitium
335 2854 406 2916 nulli
421 2873 474 2938 per
488 2853 599 2919 saeoule
611 2854 698 2936 longa
713 2867 857 2932 notatum,
1095 2857 1135 2918 10

168 2950 268 3037 (Quid
283 2973 342 3014 non
356 2951 444 3014 sentit
458 2973 540 3016 amor
548 2950 575 3036 i)
599 2951 685 3035 primi
698 2952 827 3016 sensistis
841 2965 984 3016 ementes.

166 3047 208 3114 Et
222 3049 288 3112 voci
301 3048 408 3115 fecistis
422 3050 488 3112 iter.
532 3048 613 3112 Turn
627 3070 775 3112 munnure
790 3069 882 3132 parvo
967 3114 973 3123 ,

166 3145 264 3208 Multa
278 3145 358 3229 prius
373 3146 478 3228 questi,
494 3158 635 3222 statuunt,
650 3159 682 3208 ut
697 3145 894 3210 noetesilemi

166 3241 283 3307 Fallere
298 3242 445 3318 custodes,
460 3240 628 3324 foribusque
643 3241 790 3304 excedere
804 3253 929 3304 tentent.
1033 3285 1049 3298 ..
1095 3291 1097 3296 .

167 3337 306 3422 Cinnque
322 3337 410 3400 domo
424 3336 559 3414 exierint,
574 3337 652 3398 urbis
667 3357 784 3420 quoque
797 3337 924 3410 elaustro
937 3337 1120 3422 relinquent:

167 3435 254 3500 Neve
269 3437 306 3498 sit
320 3435 475 3498 errandum
487 3434 550 3497 lato
565 3433 755 3516 spatiantibus
770 3453 852 3510 ervo,
1056 3444 1060 3454 '
1096 3437 1135 3500 16

168 3533 356 3606 Conveniunt
370 3533 408 3596 ed
420 3533 506 3596 busta
520 3529 610 3594 Nini:
633 3530 802 3614 lateantque
815 3529 870 3596 suh
883 3529 988 3595 umbre
