2608 4218
163 335 225 398 176
519 337 604 402 rtur,
626 337 768 400 nuncu.

161 491 232 555 Non
245 486 383 572 equidem
397 486 533 550 invideo:
556 487 698 572 numquid
711 502 810 552 tamen
824 487 885 554 ulle
895 487 1008 572 seritur,

202 586 280 661 Quor
294 583 397 656 sterilis
412 583 475 644 soli
488 583 694 668 conspicienda
707 583 795 647 comi
808 599 853 648 est
861 588 887 649 i·
1083 592 1128 656 30

160 684 282 748 Gemite
297 681 424 743 sinceros
439 702 542 742 omnes
557 701 596 742 ex
611 681 712 744 ordine
727 694 854 760 truncos,

201 779 264 855 Qui
278 778 367 842 modo
382 777 432 853 nil,
448 797 537 862 quare
551 778 760 860 percutiantur,
776 778 907 862 habent.-

160 878 202 940 At
216 876 287 938 mihi
301 895 378 938 saeva
392 888 499 936 nocent
514 873 658 935 mutilatis.
666 874 786 936 vulnera
800 874 906 953 remis;

199 972 347 1056 Nudaque
362 969 477 1055 dejecti
489 970 598 1032 cortice
612 971 689 1052 ligna
703 983 826 1054 patent„

158 1069 227 1132 Non
243 1069 341 1132 odium
356 1066 425 1129 facit
440 1067 505 1142 hoc,
521 1066 573 1128 sed
587 1087 655 1148 spes
670 1065 782 1128 indulta
797 1059 914 1151 rapine.
1080 1073 1124 1134 ³5

200 1165 371 1232 Sustineant
385 1163 446 1224 aliae
462 1182 568 1244 poma3
591 1175 750 1246 querentur
763 1163 852 1226 idem.
1110 1167 1113 1173 '

157 1262 208 1326 Sic
222 1283 288 1324 reus
302 1260 350 1322 ille
365 1258 426 1322 serie
441 1273 496 1336 est,
512 1259 550 1320 de
566 1281 624 1342 quo
640 1258 759 1322 victoria
774 1260 856 1322 lucro

166 1429 171 1443 ἴ
199 1357 274 1420 Esse
290 1368 405 1440 potest:
429 1355 522 1438 inopis
537 1355 651 1417 vindice
667 1354 744 1428 sacta
757 1370 868 1420 carent.

156 1454 207 1518 Sic
221 1454 305 1516 timet
318 1452 445 1528 insidias,
460 1451 508 1534 qui
523 1452 577 1514 scit
591 1473 623 1513 se
638 1450 712 1514 serre
728 1453 830 1529 viator,

197 1549 258 1612 Cui
272 1549 389 1612 timeat:
412 1561 508 1610 tutum
522 1548 616 1630 carpit
630 1548 722 1610 inanis
737 1549 801 1610 iter.
1079 1551 1124 1614 40

156 1646 205 1708 Sic
221 1666 276 1727 ego
290 1644 352 1708 sola
366 1658 468 1729 petor3
489 1645 543 1706 soli
558 1646 625 1727 quia
639 1665 728 1706 causa
742 1643 862 1728 petendi
876 1657 932 1708 estt

197 1741 362 1804 Frondibus
377 1735 491 1802 intactis
504 1754 608 1802 caetora
622 1741 706 1803 turba
720 1741 825 1803 virent.

155 1835 184 1900 N
187 1859 234 1899 arn
250 1838 329 1920 quod
345 1837 454 1899 habent
469 1834 587 1899 frutices
602 1837 650 1899 aiii
665 1859 782 1923 quoque
797 1837 931 1921 proxima
944 1836 1027 1900 nobis

196 1931 363 2016 Fragmina‚
375 1953 441 2015 quae
457 1932 525 1993 laeso
539 1932 647 1994 vimine
663 1934 755 1995 multa
765 1933 884 2018 jacent3

154 2027 222 2092 Non
237 2029 296 2092 istis
311 2050 363 2090 sua
378 2026 455 2090 sacta
468 2042 592 2092 nocent:
617 2029 721 2097 vicinia
736 2031 844 2092 damno
858 2043 913 2094 est.
1078 2032 1121 2094 45

195 2125 358 2208 Excipiunt
372 2125 430 2188 ictu
446 2145 518 2188 sexa
532 2126 649 2210 repulsa
663 2137 742 2190 meo.

152 2221 245 2306 quue
259 2222 317 2284 fide
331 2236 448 2299 careat3
470 2222 493 2285 si
508 2243 577 2300 non,
593 2245 657 2308 qnae
672 2223 785 2306 longiias
800 2224 915 2301 absunt,

193 2317 222 2380 N
224 2320 334 2380 ativum
350 2320 475 2383 retinent
490 2320 627 2382 inviolata
641 2321 742 2384 decus.

153 2415 244 2497 Ergo,
260 2417 283 2478 si
298 2417 423 2500 sapiant,
439 2431 469 2480 et
484 2430 614 2479 mentem
628 2417 717 2479 verba
732 2430 908 2500 sequantur;

193 2512 370 2575 Devoveant
386 2514 500 2574 umbras
516 2514 649 2595 proxima
665 2535 787 2596 quaque
800 2535 892 2576 meae.
1078 2513 1121 2576 5⁰

151 2609 253 2682 Quint
268 2609 407 2670 miserum
424 2623 479 2685 est,
493 2609 592 2672 odium
608 2610 720 2672 damnis
735 2612 877 2676 accedere
892 2610 1014 2690 nostris;

191 2704 304 2788 Meque
318 2725 399 2766 ream
414 2705 508 2768 nimie
523 2707 715 2791 proximitatis
730 2708 794 2790 agii

39 2797 41 2804 ’
149 2801 222 2878 Sed,
237 2816 321 2885 puto,
336 2823 440 2885 magna
455 2803 514 2866 rnei
529 2818 574 2866 est
588 2825 713 2887 operoso
727 2827 798 2868 cura
811 2806 927 2869 colono.

190 2897 337 2976 Invenias,
352 2900 401 2984 qui
416 2900 467 2963 det
481 2902 520 2964 nii
537 2902 619 2979 mihi,
634 2917 739 2986 praeter
752 2903 887 2966 humum.

149 2995 262 3078 Sponte
276 2997 345 3058 meir
358 2997 448 3060 facilis
462 3014 634 3084 contempto
647 3021 752 3064 nascor
767 3001 795 3062 in
810 3021 896 3083 agro:
1075 3000 1117 3062 55

189 3091 322 3176 Parsque
337 3094 403 3172 loci,
418 3093 478 3179 qui
491 3110 547 3172 sto,
563 3097 679 3180 publica
693 3097 771 3181 pene
787 3097 835 3160 via
848 3109 903 3160 est.

148 3187 212 3266 Me,
227 3201 341 3251 satane
356 3190 463 3256 laedam
477 3191 629 3278 (quoniam
644 3207 706 3256 sata
720 3195 824 3256 ledere
839 3191 946 3277 dicor),

149 3289 152 3297 “
189 3283 269 3348 lmus
284 3286 313 3348 in
329 3300 463 3350 extremo
476 3291 605 3370 margine
620 3290 726 3353 fundus
742 3291 841 3353 habet.

148 3379 217 3446 Non
232 3383 303 3446 mihi
318 3382 379 3446 salx
393 3385 496 3447 nimias
511 3385 646 3450 Saturnia
661 3387 782 3471 deputat
795 3387 930 3450 umbras:

189 3478 335 3542 Duratam
348 3494 543 3543 renovatnon
557 3481 628 3544 mihi
643 3483 735 3546 fossor
747 3483 882 3548 humum.
1073 3483 1116 3546 60

148 3574 218 3638 Sole
232 3576 302 3640 licet
315 3578 452 3646 siccique
466 3577 513 3640 siti
528 3579 656 3662 peritura
669 3580 817 3659 laborem3
