2604 4216
177 373 217 434 12
485 362 830 430 meramonrnosnon

174 527 398 610 Fatidicamque
412 527 553 606 Themin,
570 549 633 612 que
648 549 725 592 nunc
738 531 836 592 oracla
851 531 980 592 tenebat.

174 625 242 689 Non
258 627 307 688 illo
321 627 425 688 melior
439 627 602 710 quisquam,
616 649 673 688 nec
687 609 829 690 amantini
842 617 918 711 aequi
1064 617 1065 620 ¹
1098 624 1100 633 ’

175 722 230 785 Vir
244 721 307 799 suit,
322 738 371 785 aut
386 723 437 786 illis
450 725 626 786 metuentior
639 725 698 786 ulla
712 721 845 786 deorum»
944 759 947 764 ’

173 819 290 902 Jupiter
304 834 336 881 ut
349 821 465 904 liquidis
479 835 612 904 stagnare
628 821 781 904 paludibus
795 821 907 899 orbem,

174 916 216 980 Et
229 939 381 1000 superesse
397 919 477 980 videt
492 918 529 979 de
544 932 586 981 tot
600 919 690 982 modi>
703 918 829 982 millibus
850 941 952 998 unum,

174 1013 216 1076 Et
230 1037 381 1099 superesse
396 1015 477 1077 videt
492 1016 528 1076 de
543 1029 586 1078 tot
601 1013 690 1078 modb
704 1010 830 1080 millibus
845 1041 951 1095 unam3

173 1113 318 1175 Innocuos
333 1115 443 1190 umbos,
458 1115 585 1176 cultores
598 1115 724 1178 numinis
739 1117 858 1193 ambos3

174 1209 283 1272 Nubila
298 1211 427 1295 disjecit:
451 1213 614 1295 nimbisque
629 1213 779 1296 Aquilone
793 1214 922 1290 remotis

170 1307 215 1396 ¹Et
230 1309 307 1370 coelo
321 1323 410 1370 terres
425 1310 561 1385 ostendit,
578 1323 607 1371 et
622 1311 727 1372 aethera
743 1312 834 1372 terris.
1085 1389 1087 1395 Ι
1116 1387 1120 1396 ,

165 1393 240 1468 'Nec
255 1406 340 1467 matis
356 1406 397 1468 ira
409 1419 528 1482 manet;
550 1407 703 1490 positoque
718 1409 877 1492 tricuspide
887 1410 952 1471 telo
987 1402 992 1407 ¹
1068 1437 1069 1440 ¹

173 1501 289 1566 Mulcet
305 1525 394 1586 eques
409 1517 504 1565 rector
519 1505 630 1586 pelagi:
654 1504 991 1588 supraquepmfirirdum

173 1599 360 1676 Exstantem,
376 1613 464 1683 atque
478 1600 614 1664 humeros
629 1601 729 1662 innato
744 1590 853 1664 murice
868 1613 990 1678 tectum,

174 1695 341 1760 Caeruleum
356 1697 480 1760 Tritona
495 1707 585 1761 vocat
591 1721 602 1775 31
614 1699 804 1783 'conchaeque
814 1701 912 1762 sonaci
969 1723 972 1726 ·

166 1793 316 1876 ¹Inspirare
328 1794 431 1878 jubet3
453 1797 617 1878 fluctusque
633 1809 664 1857 et
679 1797 799 1857 flumina
813 1798 896 1878 signo
937 1857 940 1864 ,

172 1890 241 1952 Jam
255 1913 393 1952 revocare
408 1893 486 1953 dato.
501 1893 503 1896 ’
531 1891 617 1972 Cava
631 1893 753 1953 buccina
769 1894 891 1954 sumitur
911 1893 952 1966 illi

173 1987 303 2064 Tortilis,
319 1989 348 2049 in
363 1989 453 2049 latum
469 2009 533 2073 quae
548 1987 660 2049 turbine
675 1989 779 2050 crescit
794 1989 833 2050 ab
853 1990 928 2051 imo:
993 2052 996 2054 ,
1070 2015 1072 2022 '

173 2083 316 2161 Buccina,
333 2107 395 2168 quae
410 2085 509 2146 medio
522 2085 659 2167 concepit
673 2100 706 2147 ut
721 2089 904 2170 adraponto,
961 2075 963 2082 ¹

164 2183 287 2258 Littora
302 2204 374 2244 voce
389 2183 494 2265 replet,
510 2183 564 2244 sub
579 2197 701 2265 utroque
713 2182 842 2267 jacentia
856 2182 984 2246 Phoebo.

149 2265 158 2276 ’
173 2279 254 2341 Tum
269 2301 396 2362 quoque,
410 2294 443 2342 ut
458 2296 508 2342 ora
522 2281 571 2342 dei
585 2279 703 2342 madida
716 2281 841 2342 rorantia
855 2281 946 2343 barbi

172 2376 316 2458 Contigit,
332 2392 362 2439 et
376 2378 482 2440 cecinit
493 2377 590 2460 jussos
604 2377 703 2438 inflata
718 2391 865 2459 receptus,
979 2418 983 2428 ι
1077 2382 1143 2444 340

173 2473 318 2536 Omnibus
334 2474 431 2534 audita
447 2489 491 2536 est
505 2475 616 2536 telluris
631 2488 660 2536 et
676 2474 797 2556 equoris
811 2475 914 2536 undis:
1061 2483 1064 2490 '

174 2569 215 2632 Et
231 2571 334 2653 quibus
349 2584 392 2631 est
407 2570 492 2630 undis
503 2571 615 2645 audita,
630 2570 760 2632 cobrcuit
774 2593 886 2632 omnes

177 2691 178 2694 ¹
215 2666 283 2728 Jam
299 2688 378 2728 mare
386 2667 473 2728 ’littus
487 2667 592 2728 habet:
618 2667 721 2748 plenos
734 2667 813 2749 capit
828 2668 929 2730 alveus
944 2689 1061 2731 amnes:
1082 2699 1084 2702 ·

173 2763 311 2826 Flumina
326 2763 493 2824 subsidunt:
516 2764 605 2826 colles
620 2764 701 2825 exire
717 2763 860 2826 videntur.

174 2861 271 2942 Surgit
287 2861 408 2927 humus:
430 2876 566 2922 crescunt
579 2861 644 2923 loca
659 2861 894 2924 decrescentibus
908 2863 1004 2925 undis.
1031 2901 1037 2913 ·
1077 2867 1140 2928 345

173 2957 305 3039 Postque
321 2958 399 3042 diem
413 2958 530 3040 longam
545 2959 654 3020 nudata
667 2959 820 3021 cacumina
835 2960 912 3022 silve

173 3053 352 3130 Ostendant,
366 3055 644 3138 limumque-tenent
659 3056 687 3118 in
703 3055 804 3120 fronde
819 3057 962 3118 relictum.
