2608 4218
499 635 636 736 rtur,
666 611 890 715 'nauum

617 850 781 864 ..υ-ι*

214 979 290 1043 Nox
304 1001 361 1064 ego
370 979 474 1065 juncta
488 981 553 1058 vis,
564 980 635 1044 cim
650 978 705 1042 sim
718 980 781 1042 siue
795 980 915 1044 crimine
930 973 1007 1058 vite,

157 1075 175 1095 ⁵
255 1076 286 1138 A
300 1078 411 1161 populo
424 1078 503 1140 saxis
517 1088 709 1161 pretereunte
724 1089 818 1159 petor.
910 1085 914 1090 “

212 1171 348 1236 Obruere
363 1174 417 1236 ista
431 1175 505 1237 solet
519 1173 687 1238 manifestos
702 1193 792 1258 poent
807 1187 958 1252 nocentes,

255 1268 377 1333 Publica
392 1270 583 1336 currentum
598 1291 657 1332 non
668 1270 751 1353 espit
765 1270 805 1332 ira
819 1291 942 1334 moram.

214 1363 266 1430 Nil
280 1387 337 1448 ego
351 1367 490 1450 peccavi:
512 1367 605 1430 nisisi
621 1367 761 1449 peooiss'o
777 1381 908 1445 vocetur,
985 1423 990 1436 ,

257 1463 365 1526 Annua
378 1464 482 1525 cultori
495 1485 583 1546 poma
598 1462 704 1525 referre
716 1484 783 1526 suo.

215 1559 258 1622 At
272 1559 351 1642 priris
366 1559 525 1636 arboribus,
537 1574 602 1622 tum
615 1559 684 1622 otim
698 1560 819 1624 meliora
832 1559 915 1622 suere
940 1589 944 1596 ·

256 1653 418 1737 Tempora,
432 1669 580 1718 certamen
595 1655 746 1718 fertilitatis
761 1669 834 1718 erat.

214 1747 296 1812 Cirm
311 1749 419 1814 domini
433 1771 578 1814 memores
592 1751 675 1814 sertis
689 1772 791 1815 nutare
805 1752 938 1816 solebant

257 1846 419 1928 Agricolas,
434 1845 527 1911 fiuotu
543 1848 744 1930 proveniente,
759 1847 841 1912 deos.

211 1942 299 2026 Saepe
315 1958 379 2007 tuas
393 1945 489 2027 igitur,
505 1945 605 2021 Liber,
621 1945 740 2006 miratus
753 1965 786 2006 es
801 1965 892 2008 uvas:

254 2040 362 2105 Mirata
376 2055 421 2106 est
435 2043 514 2106 oleas
529 2063 606 2126 sepe
617 2040 759 2124 'Minerva
772 2061 850 2104 suas.

213 2134 366 2222 Pomaque
379 2139 518 2202 lusissent
532 2153 674 2216 matrem3
696 2139 726 2200 ni
740 2138 858 2202 subdita
871 2159 952 2202 ramo
1066 2166 1075 2176 ·

254 2235 360 2317 Longa
373 2235 514 2298 laboranti
528 2233 609 2299 suros
623 2235 735 2297 tulisset
749 2256 850 2317 opem.

213 2331 256 2395 At
270 2346 424 2416 postquam
439 2331 573 2415 platanis,
587 2331 716 2394 steritem
730 2330 924 2414 praebentibus
937 2329 1081 2408 umbram,
1142 2333 1181 2394 15

253 2427 380 2492 Uberior
394 2428 497 2512 quiuis
512 2429 614 2491 arbore
629 2427 709 2490 venit
723 2428 835 2504 honos;
928 2463 933 2478 ‹

212 2523 276 2588 Nos
291 2546 407 2612 quoque
422 2523 563 2608 fiugisere
580 2524 619 2611 (si
633 2547 696 2588 nux
711 2525 800 2588 modb
809 2545 909 2612 ponor
922 2523 952 2587 in
966 2523 1036 2608 illis)

253 2621 410 2706 Coepimus
425 2623 455 2686 in
470 2623 584 2707 patulas
598 2623 745 2686 luxuriare
759 2644 870 2686 eomas.
1045 2653 1049 2658 ·

212 2716 301 2782 Nune
315 2739 411 2802 neque
425 2720 578 2782 continuos
592 2733 750 2782 naseuntur
771 2741 860 2802 poma
874 2741 929 2803 per
942 2739 1051 2783 annos:

253 2816 381 2900 Uvaque
395 2818 464 2880 lesa
478 2818 609 2895 domum,
622 2818 748 2902 laesaque
763 2819 855 2882 baooa
871 2818 959 2880 venit.
1138 2820 1180 2882 ao

210 2913 306 2978 Certe
320 2935 386 2998 ego,
401 2917 426 2977 si
440 2937 588 3000 nunquam
604 2919 794 3000 peperissem,
808 2917 896 2980 tutior
910 2937 1017 2982 essem.

254 3011 315 3074 Ista
328 3011 555 3094 Clytemnestrae
570 3013 656 3094 digna
673 3013 794 3096 querela
808 3012 871 3075 brit.

211 3107 245 3172 Si
259 3109 333 3172 sciat
346 3108 404 3171 hon
420 3109 495 3186 vitis,
509 3122 663 3172 nascentes
677 3110 839 3193 supprimet
852 3131 941 3174 uvas:

254 3205 406 3291 Orbaque,
420 3206 445 3269 si
459 3207 531 3269 sciat
545 3207 613 3284 hoc,
628 3206 758 3270 Palladis
773 3207 858 3270 arbor
871 3208 935 3272 erit.

212 3301 281 3366 Hoc
295 3303 323 3366 in
339 3304 472 3366 notitiam
485 3305 583 3366 veniat
597 3304 733 3387 maloque
748 3304 886 3388 piroque3

255 3400 426 3465 Destituant
439 3401 526 3462 silvas
541 3415 663 3482 utraque
679 3422 767 3483 poma
781 3423 860 3464 suas.

212 3495 350 3578 Quaque
365 3497 418 3560 sibi
434 3497 514 3560 vario
528 3497 676 3579 distinguit
691 3519 779 3582 poma
792 3500 904 3576 oolore‚

254 3591 366 3656 Audiat
380 3595 436 3658 hoo
449 3615 585 3672 cerasus3
607 3596 697 3679 stipes
711 3595 803 3658 inanis
816 3594 882 3658 erit.
