<?xml version="1.0" encoding="UTF-8"?>
<!DOCTYPE html PUBLIC "-//W3C//DTD XHTML 1.0 Transitional//EN"
    "http://www.w3.org/TR/xhtml1/DTD/xhtml1-transitional.dtd">
<html xmlns="http://www.w3.org/1999/xhtml" xml:lang="en" lang="en">
 <head>
  <title>
</title>
<meta http-equiv="Content-Type" content="text/html;charset=utf-8" />
  <meta name='ocr-system' content='tesseract 3.04.00' />
  <meta name='ocr-capabilities' content='ocr_page ocr_carea ocr_par ocr_line ocrx_word'/>
</head>
<body>
  <div class='ocr_page' id='page_1' title='image "./excerptaexscrip04ovidgoog_0103.png"; bbox 0 0 2608 4218; ppageno 0'>
   <div class='ocr_carea' id='block_1_1' title="bbox 133 347 788 438">
    <p class='ocr_par' dir='ltr' id='par_1_1' title="bbox 133 347 788 438">
     <span class='ocr_line' id='line_1_1' title="bbox 133 347 788 438; baseline -0.012 -25"><span class='ocrx_word' id='word_1_1' title='bbox 133 347 176 413; x_wconf 81' lang='grc'>89</span> <span class='ocrx_word' id='word_1_2' title='bbox 441 350 788 438; x_wconf 75' lang='lat' dir='ltr'>unnauonruoanou</span> 
     </span>
    </p>
   </div>
   <div class='ocr_carea' id='block_1_2' title="bbox 15 491 931 589">
    <p class='ocr_par' dir='ltr' id='par_1_2' title="bbox 15 491 931 589">
     <span class='ocr_line' id='line_1_2' title="bbox 15 491 931 589; baseline -0.002 -21"><span class='ocrx_word' id='word_1_3' title='bbox 15 509 18 514; x_wconf 78' lang='grc'>’</span> <span class='ocrx_word' id='word_1_4' title='bbox 56 575 57 578; x_wconf 11' lang='lat'>¹</span> <span class='ocrx_word' id='word_1_5' title='bbox 133 503 331 589; x_wconf 85' lang='lat' dir='ltr'>Deseruitque</span> <span class='ocrx_word' id='word_1_6' title='bbox 347 504 471 566; x_wconf 87' lang='lat' dir='ltr'>ducem:</span> <span class='ocrx_word' id='word_1_7' title='bbox 491 500 622 588; x_wconf 73' lang='lat' dir='ltr'>¹coelique</span> <span class='ocrx_word' id='word_1_8' title='bbox 636 504 775 587; x_wconf 85' lang='lat' dir='ltr'>cupidine</span> <span class='ocrx_word' id='word_1_9' title='bbox 789 517 897 568; x_wconf 85' lang='lat' dir='ltr'>tractus</span> <span class='ocrx_word' id='word_1_10' title='bbox 928 491 931 499; x_wconf 43' lang='lat'>¹</span> 
     </span>
    </p>
   </div>
   <div class='ocr_carea' id='block_1_3' title="bbox 127 597 982 2620">
    <p class='ocr_par' dir='ltr' id='par_1_3' title="bbox 129 597 982 1652">
     <span class='ocr_line' id='line_1_3' title="bbox 133 597 801 689; baseline -0.001 -25"><span class='ocrx_word' id='word_1_11' title='bbox 133 603 230 664; x_wconf 79' lang='lat' dir='ltr'>Altius</span> <span class='ocrx_word' id='word_1_12' title='bbox 244 602 305 684; x_wconf 85' lang='lat' dir='ltr'>egit</span> <span class='ocrx_word' id='word_1_13' title='bbox 319 601 383 664; x_wconf 75' lang='lat' dir='ltr'>iter.</span> <span class='ocrx_word' id='word_1_14' title='bbox 428 597 539 684; x_wconf 85' lang='lat' dir='ltr'>Rapidi</span> <span class='ocrx_word' id='word_1_15' title='bbox 554 601 661 689; x_wconf 79' lang='lat' dir='ltr'>vicinia</span> <span class='ocrx_word' id='word_1_16' title='bbox 674 601 742 664; x_wconf 88' lang='lat' dir='ltr'>solis</span> <span class='ocrx_word' id='word_1_17' title='bbox 799 627 801 632; x_wconf 87' lang='lat'><em>·</em></span> 
     </span>
     <span class='ocr_line' id='line_1_4' title="bbox 131 695 825 780; baseline 0 -22"><span class='ocrx_word' id='word_1_18' title='bbox 131 695 230 760; x_wconf 85' lang='lat' dir='ltr'>lllollit</span> <span class='ocrx_word' id='word_1_19' title='bbox 244 698 568 780; x_wconf 59' lang='lat' dir='ltr'>odoratae-pennarum</span> <span class='ocrx_word' id='word_1_20' title='bbox 583 698 709 774; x_wconf 87' lang='lat' dir='ltr'>vincula,</span> <span class='ocrx_word' id='word_1_21' title='bbox 724 717 806 759; x_wconf 86' lang='lat' dir='ltr'>ceras</span> <span class='ocrx_word' id='word_1_22' title='bbox 819 732 825 744; x_wconf 86' lang='lat'>,</span> 
     </span>
     <span class='ocr_line' id='line_1_5' title="bbox 130 793 881 880; baseline 0.001 -25"><span class='ocrx_word' id='word_1_23' title='bbox 130 793 302 856; x_wconf 74' lang='lat' dir='ltr'><strong>Tabuerant</strong></span> <span class='ocrx_word' id='word_1_24' title='bbox 312 815 407 857; x_wconf 78' lang='lat' dir='ltr'>cera:</span> <span class='ocrx_word' id='word_1_25' title='bbox 431 794 525 880; x_wconf 85' lang='lat' dir='ltr'>nudos</span> <span class='ocrx_word' id='word_1_26' title='bbox 540 795 633 877; x_wconf 87' lang='lat' dir='ltr'>quatit</span> <span class='ocrx_word' id='word_1_27' title='bbox 647 795 696 856; x_wconf 89' lang='lat' dir='ltr'>ille</span> <span class='ocrx_word' id='word_1_28' title='bbox 710 796 853 856; x_wconf 86' lang='lat' dir='ltr'>lacertos:</span> <span class='ocrx_word' id='word_1_29' title='bbox 879 843 881 848; x_wconf 55' lang='grc'>,</span> 
     </span>
     <span class='ocr_line' id='line_1_6' title="bbox 131 885 856 976; baseline 0 -24"><span class='ocrx_word' id='word_1_30' title='bbox 131 885 330 974; x_wconf 82' lang='lat' dir='ltr'>Remigioque</span> <span class='ocrx_word' id='word_1_31' title='bbox 343 911 446 953; x_wconf 85' lang='lat' dir='ltr'>carens</span> <span class='ocrx_word' id='word_1_32' title='bbox 461 912 520 952; x_wconf 91' lang='lat' dir='ltr'>non</span> <span class='ocrx_word' id='word_1_33' title='bbox 535 891 608 952; x_wconf 89' lang='lat' dir='ltr'>ullas</span> <span class='ocrx_word' id='word_1_34' title='bbox 622 890 748 976; x_wconf 83' lang='lat' dir='ltr'>percipit</span> <span class='ocrx_word' id='word_1_35' title='bbox 762 911 856 952; x_wconf 88' lang='lat' dir='ltr'>auras.</span> 
     </span>
     <span class='ocr_line' id='line_1_7' title="bbox 129 979 920 1070; baseline 0 -22"><span class='ocrx_word' id='word_1_36' title='bbox 129 985 251 1070; x_wconf 82' lang='lat' dir='ltr'>Oraque</span> <span class='ocrx_word' id='word_1_37' title='bbox 265 986 401 1062; x_wconf 74' lang='lat' dir='ltr'>cerulei,</span> <span class='ocrx_word' id='word_1_38' title='bbox 417 987 542 1070; x_wconf 86' lang='lat' dir='ltr'>patrium</span> <span class='ocrx_word' id='word_1_39' title='bbox 557 987 713 1050; x_wconf 88' lang='lat' dir='ltr'>clamantia</span> <span class='ocrx_word' id='word_1_40' title='bbox 726 979 846 1064; x_wconf 80' lang='lat' dir='ltr'>nomen,</span> <span class='ocrx_word' id='word_1_41' title='bbox 917 1021 920 1026; x_wconf 93' lang='lat'>·</span> 
     </span>
     <span class='ocr_line' id='line_1_8' title="bbox 130 1080 878 1168; baseline 0 -23"><span class='ocrx_word' id='word_1_42' title='bbox 130 1080 328 1168; x_wconf 83' lang='lat' dir='ltr'>Excipiuntur</span> <span class='ocrx_word' id='word_1_43' title='bbox 342 1083 435 1167; x_wconf 79' lang='lat' dir='ltr'>aquai:</span> <span class='ocrx_word' id='word_1_44' title='bbox 460 1105 523 1167; x_wconf 85' lang='lat' dir='ltr'>quae</span> <span class='ocrx_word' id='word_1_45' title='bbox 538 1104 647 1146; x_wconf 88' lang='lat' dir='ltr'>nomen</span> <span class='ocrx_word' id='word_1_46' title='bbox 662 1085 750 1146; x_wconf 79' lang='lat' dir='ltr'>traxit</span> <span class='ocrx_word' id='word_1_47' title='bbox 765 1085 802 1146; x_wconf 87' lang='lat' dir='ltr'>ab</span> <span class='ocrx_word' id='word_1_48' title='bbox 817 1084 878 1148; x_wconf 91' lang='lat' dir='ltr'>illo.</span> 
     </span>
     <span class='ocr_line' id='line_1_9' title="bbox 129 1179 982 1265; baseline -0.002 -23"><span class='ocrx_word' id='word_1_49' title='bbox 129 1179 173 1243; x_wconf 84' lang='lat' dir='ltr'>At</span> <span class='ocrx_word' id='word_1_50' title='bbox 187 1193 271 1264; x_wconf 83' lang='lat' dir='ltr'>pater</span> <span class='ocrx_word' id='word_1_51' title='bbox 284 1179 397 1257; x_wconf 81' lang='lat' dir='ltr'>infelix,</span> <span class='ocrx_word' id='word_1_52' title='bbox 412 1202 468 1242; x_wconf 89' lang='lat' dir='ltr'>nec</span> <span class='ocrx_word' id='word_1_53' title='bbox 479 1179 543 1265; x_wconf 90' lang='lat' dir='ltr'>jam</span> <span class='ocrx_word' id='word_1_54' title='bbox 557 1194 650 1264; x_wconf 88' lang='lat' dir='ltr'>pater,</span> <span class='ocrx_word' id='word_1_55' title='bbox 666 1179 788 1257; x_wconf 88' lang='lat' dir='ltr'>‘lcare,’</span> <span class='ocrx_word' id='word_1_56' title='bbox 804 1181 901 1259; x_wconf 80' lang='lat' dir='ltr'>dixit,</span> <span class='ocrx_word' id='word_1_57' title='bbox 978 1229 982 1240; x_wconf 85' lang='grc'><em>,</em></span> 
     </span>
     <span class='ocr_line' id='line_1_10' title="bbox 130 1275 946 1361; baseline 0.005 -23"><span class='ocrx_word' id='word_1_58' title='bbox 130 1275 251 1354; x_wconf 87' lang='lat' dir='ltr'>‘lcare,&#39;</span> <span class='ocrx_word' id='word_1_59' title='bbox 267 1278 351 1353; x_wconf 84' lang='lat' dir='ltr'>dixit,</span> <span class='ocrx_word' id='word_1_60' title='bbox 367 1277 435 1340; x_wconf 84' lang='lat' dir='ltr'>‘ubi</span> <span class='ocrx_word' id='word_1_61' title='bbox 450 1279 504 1339; x_wconf 86' lang='lat' dir='ltr'>es?</span> <span class='ocrx_word' id='word_1_62' title='bbox 521 1276 586 1360; x_wconf 77' lang='lat' dir='ltr'>qui</span> <span class='ocrx_word' id='word_1_63' title='bbox 600 1291 630 1340; x_wconf 88' lang='lat' dir='ltr'>te</span> <span class='ocrx_word' id='word_1_64' title='bbox 644 1277 763 1360; x_wconf 83' lang='lat' dir='ltr'>regione</span> <span class='ocrx_word' id='word_1_65' title='bbox 779 1278 946 1361; x_wconf 78' lang='lat' dir='ltr'>requiram?</span> 
     </span>
     <span class='ocr_line' id='line_1_11' title="bbox 129 1373 941 1458; baseline 0 -22"><span class='ocrx_word' id='word_1_66' title='bbox 129 1373 232 1451; x_wconf 87' lang='lat' dir='ltr'>leare,&#39;</span> <span class='ocrx_word' id='word_1_67' title='bbox 249 1374 383 1437; x_wconf 90' lang='lat' dir='ltr'>dicebat:</span> <span class='ocrx_word' id='word_1_68' title='bbox 407 1395 520 1457; x_wconf 86' lang='lat' dir='ltr'>pennas</span> <span class='ocrx_word' id='word_1_69' title='bbox 534 1374 671 1458; x_wconf 85' lang='lat' dir='ltr'>adspexit</span> <span class='ocrx_word' id='word_1_70' title='bbox 685 1375 714 1437; x_wconf 91' lang='lat' dir='ltr'>in</span> <span class='ocrx_word' id='word_1_71' title='bbox 729 1376 825 1452; x_wconf 89' lang='lat' dir='ltr'>undis,</span> <span class='ocrx_word' id='word_1_72' title='bbox 930 1385 941 1420; x_wconf 57' lang='grc' dir='ltr'><strong><em>Ἀ</em></strong></span> 
     </span>
     <span class='ocr_line' id='line_1_12' title="bbox 129 1470 851 1556; baseline -0.007 -21"><span class='ocrx_word' id='word_1_73' title='bbox 129 1470 319 1555; x_wconf 89' lang='lat' dir='ltr'>Devovitque</span> <span class='ocrx_word' id='word_1_74' title='bbox 333 1493 400 1534; x_wconf 85' lang='lat' dir='ltr'>suas</span> <span class='ocrx_word' id='word_1_75' title='bbox 415 1485 509 1548; x_wconf 83' lang='lat' dir='ltr'>artes3</span> <span class='ocrx_word' id='word_1_76' title='bbox 531 1491 696 1556; x_wconf 81' lang='lat' dir='ltr'>corpusque</span> <span class='ocrx_word' id='word_1_77' title='bbox 711 1472 851 1555; x_wconf 87' lang='lat' dir='ltr'>sepulcro.</span> 
     </span>
     <span class='ocr_line' id='line_1_13' title="bbox 129 1565 840 1652; baseline 0 -20"><span class='ocrx_word' id='word_1_78' title='bbox 129 1568 282 1647; x_wconf 84' lang='lat' dir='ltr'>Condidit,</span> <span class='ocrx_word' id='word_1_79' title='bbox 297 1583 327 1632; x_wconf 90' lang='lat' dir='ltr'>et</span> <span class='ocrx_word' id='word_1_80' title='bbox 341 1569 428 1632; x_wconf 89' lang='lat' dir='ltr'>tellus</span> <span class='ocrx_word' id='word_1_81' title='bbox 443 1591 465 1632; x_wconf 62' lang='lat' dir='ltr'>av</span> <span class='ocrx_word' id='word_1_82' title='bbox 474 1569 592 1632; x_wconf 88' lang='lat' dir='ltr'>nomine</span> <span class='ocrx_word' id='word_1_83' title='bbox 608 1570 686 1631; x_wconf 89' lang='lat' dir='ltr'>dicta</span> <span class='ocrx_word' id='word_1_84' title='bbox 700 1570 822 1652; x_wconf 79' lang='lat' dir='ltr'>sepulti.</span> <span class='ocrx_word' id='word_1_85' title='bbox 837 1565 840 1574; x_wconf 84' lang='grc'><strong>’</strong></span> 
     </span>
    </p>

    <p class='ocr_par' dir='ltr' id='par_1_4' title="bbox 127 1659 981 2620">
     <span class='ocr_line' id='line_1_14' title="bbox 172 1659 889 1754; baseline 0.001 -25"><span class='ocrx_word' id='word_1_86' title='bbox 172 1666 262 1729; x_wconf 91' lang='lat' dir='ltr'>Hunc</span> <span class='ocrx_word' id='word_1_87' title='bbox 277 1667 374 1730; x_wconf 87' lang='lat' dir='ltr'>miseri</span> <span class='ocrx_word' id='word_1_88' title='bbox 389 1667 503 1729; x_wconf 91' lang='lat' dir='ltr'>tumulo</span> <span class='ocrx_word' id='word_1_89' title='bbox 518 1659 816 1754; x_wconf 83' lang='lat' dir='ltr'>ponentemcorpora</span> <span class='ocrx_word' id='word_1_90' title='bbox 829 1668 889 1730; x_wconf 87' lang='lat' dir='ltr'>nati</span> 
     </span>
     <span class='ocr_line' id='line_1_15' title="bbox 129 1757 814 1848; baseline 0.003 -22"><span class='ocrx_word' id='word_1_91' title='bbox 129 1764 254 1827; x_wconf 87' lang='lat' dir='ltr'>Garrula</span> <span class='ocrx_word' id='word_1_92' title='bbox 267 1757 383 1828; x_wconf 72' lang='lat' dir='ltr'>ramosi</span> <span class='ocrx_word' id='word_1_93' title='bbox 398 1764 551 1847; x_wconf 81' lang='lat' dir='ltr'>prospexit</span> <span class='ocrx_word' id='word_1_94' title='bbox 564 1765 602 1826; x_wconf 86' lang='lat' dir='ltr'>ab</span> <span class='ocrx_word' id='word_1_95' title='bbox 617 1764 683 1848; x_wconf 86' lang='lat' dir='ltr'>ilice</span> <span class='ocrx_word' id='word_1_96' title='bbox 699 1765 814 1848; x_wconf 83' lang='lat' dir='ltr'>perdix,</span> 
     </span>
     <span class='ocr_line' id='line_1_16' title="bbox 128 1861 900 1945; baseline 0.001 -22"><span class='ocrx_word' id='word_1_97' title='bbox 128 1861 170 1924; x_wconf 87' lang='lat' dir='ltr'>Et</span> <span class='ocrx_word' id='word_1_98' title='bbox 184 1863 291 1945; x_wconf 82' lang='lat' dir='ltr'>plausit</span> <span class='ocrx_word' id='word_1_99' title='bbox 306 1862 419 1944; x_wconf 69' lang='lat' dir='ltr'>pennu,</span> <span class='ocrx_word' id='word_1_100' title='bbox 434 1874 605 1943; x_wconf 75' lang='lat' dir='ltr'>testataque</span> <span class='ocrx_word' id='word_1_101' title='bbox 615 1862 722 1942; x_wconf 83' lang='lat' dir='ltr'>gaudia</span> <span class='ocrx_word' id='word_1_102' title='bbox 734 1875 821 1924; x_wconf 88' lang='lat' dir='ltr'>cantu</span> <span class='ocrx_word' id='word_1_103' title='bbox 838 1875 900 1938; x_wconf 79' lang='lat' dir='ltr'>est3</span> 
     </span>
     <span class='ocr_line' id='line_1_17' title="bbox 127 1956 874 2039; baseline -0.001 -18"><span class='ocrx_word' id='word_1_104' title='bbox 127 1958 226 2022; x_wconf 89' lang='lat' dir='ltr'>Unica</span> <span class='ocrx_word' id='word_1_105' title='bbox 239 1971 310 2020; x_wconf 89' lang='lat' dir='ltr'>tunc</span> <span class='ocrx_word' id='word_1_106' title='bbox 326 1957 461 2032; x_wconf 86' lang='lat' dir='ltr'>volucris,</span> <span class='ocrx_word' id='word_1_107' title='bbox 476 1977 533 2018; x_wconf 87' lang='lat' dir='ltr'>nec</span> <span class='ocrx_word' id='word_1_108' title='bbox 548 1956 609 2018; x_wconf 83' lang='lat' dir='ltr'>visa</span> <span class='ocrx_word' id='word_1_109' title='bbox 624 1957 767 2039; x_wconf 87' lang='lat' dir='ltr'>prioribus</span> <span class='ocrx_word' id='word_1_110' title='bbox 780 1958 874 2034; x_wconf 88' lang='lat' dir='ltr'>annis,</span> 
     </span>
     <span class='ocr_line' id='line_1_18' title="bbox 128 2047 981 2144; baseline -0.001 -26"><span class='ocrx_word' id='word_1_111' title='bbox 128 2056 281 2140; x_wconf 80' lang='lat' dir='ltr'>Factaque</span> <span class='ocrx_word' id='word_1_112' title='bbox 296 2075 391 2138; x_wconf 88' lang='lat' dir='ltr'>nuper</span> <span class='ocrx_word' id='word_1_113' title='bbox 404 2053 478 2144; x_wconf 84' lang='lat' dir='ltr'>avis,</span> <span class='ocrx_word' id='word_1_114' title='bbox 492 2053 612 2134; x_wconf 85' lang='lat' dir='ltr'>longum</span> <span class='ocrx_word' id='word_1_115' title='bbox 628 2053 691 2132; x_wconf 86' lang='lat' dir='ltr'>tibi,</span> <span class='ocrx_word' id='word_1_116' title='bbox 706 2053 841 2132; x_wconf 78' lang='lat' dir='ltr'>Daedale,</span> <span class='ocrx_word' id='word_1_117' title='bbox 856 2047 981 2118; x_wconf 52' lang='lat' dir='ltr'>crimen}</span> 
     </span>
     <span class='ocr_line' id='line_1_19' title="bbox 128 2149 977 2237; baseline 0 -21"><span class='ocrx_word' id='word_1_118' title='bbox 128 2153 266 2237; x_wconf 88' lang='lat' dir='ltr'>Namque</span> <span class='ocrx_word' id='word_1_119' title='bbox 281 2153 350 2214; x_wconf 85' lang='lat' dir='ltr'>huic</span> <span class='ocrx_word' id='word_1_120' title='bbox 365 2151 533 2227; x_wconf 88' lang='lat' dir='ltr'>tradiderat,</span> <span class='ocrx_word' id='word_1_121' title='bbox 548 2149 673 2214; x_wconf 83' lang='lat' dir='ltr'>latorum</span> <span class='ocrx_word' id='word_1_122' title='bbox 688 2151 800 2234; x_wconf 84' lang='lat' dir='ltr'>ignara,</span> <span class='ocrx_word' id='word_1_123' title='bbox 813 2152 977 2216; x_wconf 85' lang='lat' dir='ltr'>docendam</span> 
     </span>
     <span class='ocr_line' id='line_1_20' title="bbox 128 2249 914 2333; baseline -0.001 -20"><span class='ocrx_word' id='word_1_124' title='bbox 128 2251 309 2333; x_wconf 82' lang='lat' dir='ltr'>Progeniem·</span> <span class='ocrx_word' id='word_1_125' title='bbox 320 2269 458 2332; x_wconf 85' lang='lat' dir='ltr'>germana</span> <span class='ocrx_word' id='word_1_126' title='bbox 473 2269 567 2325; x_wconf 89' lang='lat' dir='ltr'>suam,</span> <span class='ocrx_word' id='word_1_127' title='bbox 581 2249 725 2310; x_wconf 86' lang='lat' dir='ltr'>natalibus</span> <span class='ocrx_word' id='word_1_128' title='bbox 740 2249 812 2312; x_wconf 86' lang='lat' dir='ltr'>actis</span> <span class='ocrx_word' id='word_1_129' title='bbox 909 2269 914 2272; x_wconf 85' lang='lat'>·</span> 
     </span>
     <span class='ocr_line' id='line_1_21' title="bbox 127 2345 887 2433; baseline -0.003 -23"><span class='ocrx_word' id='word_1_130' title='bbox 127 2347 181 2410; x_wconf 92' lang='lat' dir='ltr'>Bis</span> <span class='ocrx_word' id='word_1_131' title='bbox 197 2369 321 2431; x_wconf 86' lang='lat' dir='ltr'>puerum</span> <span class='ocrx_word' id='word_1_132' title='bbox 336 2347 423 2422; x_wconf 80' lang='lat' dir='ltr'>senia,</span> <span class='ocrx_word' id='word_1_133' title='bbox 434 2346 527 2423; x_wconf 41' lang='lat' dir='ltr'>,animi</span> <span class='ocrx_word' id='word_1_134' title='bbox 542 2345 579 2406; x_wconf 90' lang='lat' dir='ltr'>ad</span> <span class='ocrx_word' id='word_1_135' title='bbox 594 2359 741 2433; x_wconf 66' lang='lat' dir='ltr'>precepta</span> <span class='ocrx_word' id='word_1_136' title='bbox 760 2346 887 2428; x_wconf 80' lang='lat' dir='ltr'>capacia.</span> 
     </span>
     <span class='ocr_line' id='line_1_22' title="bbox 128 2441 848 2524; baseline -0.007 -18"><span class='ocrx_word' id='word_1_137' title='bbox 128 2444 181 2506; x_wconf 89' lang='lat' dir='ltr'>llle</span> <span class='ocrx_word' id='word_1_138' title='bbox 198 2446 285 2506; x_wconf 90' lang='lat' dir='ltr'>etiam</span> <span class='ocrx_word' id='word_1_139' title='bbox 301 2443 399 2505; x_wconf 88' lang='lat' dir='ltr'>medio</span> <span class='ocrx_word' id='word_1_140' title='bbox 413 2443 512 2524; x_wconf 86' lang='lat' dir='ltr'>spinas</span> <span class='ocrx_word' id='word_1_141' title='bbox 526 2441 556 2503; x_wconf 89' lang='lat' dir='ltr'>in</span> <span class='ocrx_word' id='word_1_142' title='bbox 572 2442 654 2524; x_wconf 89' lang='lat' dir='ltr'>pisce</span> <span class='ocrx_word' id='word_1_143' title='bbox 668 2455 782 2504; x_wconf 85' lang='lat' dir='ltr'>notatas</span> <span class='ocrx_word' id='word_1_144' title='bbox 845 2443 848 2447; x_wconf 76' lang='grc'><strong>’</strong></span> 
     </span>
     <span class='ocr_line' id='line_1_23' title="bbox 127 2535 858 2620; baseline -0.004 -16"><span class='ocrx_word' id='word_1_145' title='bbox 127 2541 234 2604; x_wconf 86' lang='lat' dir='ltr'>Traxit</span> <span class='ocrx_word' id='word_1_146' title='bbox 249 2542 276 2602; x_wconf 88' lang='lat' dir='ltr'>in</span> <span class='ocrx_word' id='word_1_147' title='bbox 293 2539 482 2620; x_wconf 82' lang='lat' dir='ltr'>exemplum:</span> <span class='ocrx_word' id='word_1_148' title='bbox 506 2535 640 2620; x_wconf 81' lang='lat' dir='ltr'>ferroque</span> <span class='ocrx_word' id='word_1_149' title='bbox 656 2537 858 2601; x_wconf 85' lang='lat' dir='ltr'>inciditaeuto</span> 
     </span>
    </p>
   </div>
   <div class='ocr_carea' id='block_1_4' title="bbox 29 2635 867 2722">
    <p class='ocr_par' dir='ltr' id='par_1_5' title="bbox 29 2635 867 2722">
     <span class='ocr_line' id='line_1_24' title="bbox 29 2635 867 2722; baseline -0.01 -20"><span class='ocrx_word' id='word_1_150' title='bbox 29 2677 38 2684; x_wconf 94' lang='lat'>-</span> <span class='ocrx_word' id='word_1_151' title='bbox 128 2639 293 2722; x_wconf 88' lang='lat' dir='ltr'>Perpetuus</span> <span class='ocrx_word' id='word_1_152' title='bbox 309 2637 430 2710; x_wconf 83' lang='lat' dir='ltr'>dentes3</span> <span class='ocrx_word' id='word_1_153' title='bbox 453 2648 482 2697; x_wconf 87' lang='lat' dir='ltr'>et</span> <span class='ocrx_word' id='word_1_154' title='bbox 497 2655 581 2696; x_wconf 77' lang='lat' dir='ltr'>serre</span> <span class='ocrx_word' id='word_1_155' title='bbox 594 2635 705 2718; x_wconf 84' lang='lat' dir='ltr'>reperit</span> <span class='ocrx_word' id='word_1_156' title='bbox 720 2657 817 2698; x_wconf 87' lang='lat' dir='ltr'>usum.</span> <span class='ocrx_word' id='word_1_157' title='bbox 857 2689 867 2694; x_wconf 92' lang='lat'>-</span> 
     </span>
    </p>
   </div>
   <div class='ocr_carea' id='block_1_5' title="bbox 103 2729 972 3596">
    <p class='ocr_par' dir='ltr' id='par_1_6' title="bbox 103 2729 825 2802">
     <span class='ocr_line' id='line_1_25' title="bbox 103 2729 825 2802; baseline -0.003 -5"><span class='ocrx_word' id='word_1_158' title='bbox 103 2761 107 2770; x_wconf 76' lang='grc'><strong>’</strong></span> <span class='ocrx_word' id='word_1_159' title='bbox 128 2735 245 2797; x_wconf 86' lang='lat' dir='ltr'>Primus</span> <span class='ocrx_word' id='word_1_160' title='bbox 260 2748 289 2795; x_wconf 91' lang='lat' dir='ltr'>et</span> <span class='ocrx_word' id='word_1_161' title='bbox 305 2754 344 2794; x_wconf 83' lang='lat' dir='ltr'>ex</span> <span class='ocrx_word' id='word_1_162' title='bbox 360 2753 420 2802; x_wconf 86' lang='lat' dir='ltr'>uno</span> <span class='ocrx_word' id='word_1_163' title='bbox 434 2729 494 2792; x_wconf 92' lang='lat' dir='ltr'>duo</span> <span class='ocrx_word' id='word_1_164' title='bbox 507 2730 601 2793; x_wconf 82' lang='lat' dir='ltr'>ferrea</span> <span class='ocrx_word' id='word_1_165' title='bbox 614 2732 733 2794; x_wconf 85' lang='lat' dir='ltr'>brachia</span> <span class='ocrx_word' id='word_1_166' title='bbox 746 2733 825 2796; x_wconf 91' lang='lat' dir='ltr'>nodo</span> 
     </span>
    </p>

    <p class='ocr_par' dir='ltr' id='par_1_7' title="bbox 129 2829 801 2913">
     <span class='ocr_line' id='line_1_26' title="bbox 129 2829 801 2913; baseline -0.001 -20"><span class='ocrx_word' id='word_1_167' title='bbox 129 2831 252 2905; x_wconf 79' lang='lat' dir='ltr'>Vinxi13</span> <span class='ocrx_word' id='word_1_168' title='bbox 274 2844 316 2906; x_wconf 90' lang='lat' dir='ltr'>ut,</span> <span class='ocrx_word' id='word_1_169' title='bbox 328 2829 431 2913; x_wconf 86' lang='lat' dir='ltr'>aequali</span> <span class='ocrx_word' id='word_1_170' title='bbox 442 2829 538 2912; x_wconf 89' lang='lat' dir='ltr'>spatio</span> <span class='ocrx_word' id='word_1_171' title='bbox 549 2829 720 2892; x_wconf 88' lang='lat' dir='ltr'>distantibus</span> <span class='ocrx_word' id='word_1_172' title='bbox 735 2830 801 2908; x_wconf 88' lang='lat' dir='ltr'>illis,</span> 
     </span>
    </p>

    <p class='ocr_par' dir='ltr' id='par_1_8' title="bbox 129 2926 928 3109">
     <span class='ocr_line' id='line_1_27' title="bbox 129 2926 928 3012; baseline 0.003 -22"><span class='ocrx_word' id='word_1_173' title='bbox 129 2931 231 2991; x_wconf 83' lang='lat' dir='ltr'>Altera</span> <span class='ocrx_word' id='word_1_174' title='bbox 247 2951 312 3012; x_wconf 88' lang='lat' dir='ltr'>pars</span> <span class='ocrx_word' id='word_1_175' title='bbox 326 2941 433 3004; x_wconf 80' lang='lat' dir='ltr'>staret3</span> <span class='ocrx_word' id='word_1_176' title='bbox 456 2949 522 3010; x_wconf 82' lang='lat' dir='ltr'>pars</span> <span class='ocrx_word' id='word_1_177' title='bbox 537 2927 628 2990; x_wconf 87' lang='lat' dir='ltr'>altera</span> <span class='ocrx_word' id='word_1_178' title='bbox 642 2926 764 2992; x_wconf 87' lang='lat' dir='ltr'>duceret</span> <span class='ocrx_word' id='word_1_179' title='bbox 778 2930 891 2992; x_wconf 86' lang='lat' dir='ltr'>orbem.</span> <span class='ocrx_word' id='word_1_180' title='bbox 924 2951 928 2959; x_wconf 73' lang='grc'><em>’</em></span> 
     </span>
     <span class='ocr_line' id='line_1_28' title="bbox 172 3023 904 3109; baseline 0.003 -21"><span class='ocrx_word' id='word_1_181' title='bbox 172 3023 310 3088; x_wconf 72' lang='lat' dir='ltr'>Daedalus</span> <span class='ocrx_word' id='word_1_182' title='bbox 326 3025 446 3101; x_wconf 90' lang='lat' dir='ltr'>invidit;</span> <span class='ocrx_word' id='word_1_183' title='bbox 468 3025 610 3109; x_wconf 73' lang='lat' dir='ltr'>sacrique</span> <span class='ocrx_word' id='word_1_184' title='bbox 626 3046 665 3088; x_wconf 82' lang='lat' dir='ltr'>ex</span> <span class='ocrx_word' id='word_1_185' title='bbox 680 3047 746 3088; x_wconf 86' lang='lat' dir='ltr'>arce</span> <span class='ocrx_word' id='word_1_186' title='bbox 762 3025 904 3090; x_wconf 81' lang='lat' dir='ltr'>Minervae</span> 
     </span>
    </p>

    <p class='ocr_par' dir='ltr' id='par_1_9' title="bbox 128 3123 916 3208">
     <span class='ocr_line' id='line_1_29' title="bbox 128 3123 916 3208; baseline 0 -21"><span class='ocrx_word' id='word_1_187' title='bbox 128 3124 314 3208; x_wconf 79' lang='lat' dir='ltr'>Pracipitem</span> <span class='ocrx_word' id='word_1_188' title='bbox 329 3123 426 3199; x_wconf 91' lang='lat' dir='ltr'>mittit,</span> <span class='ocrx_word' id='word_1_189' title='bbox 442 3123 557 3206; x_wconf 90' lang='lat' dir='ltr'>lapsum</span> <span class='ocrx_word' id='word_1_190' title='bbox 572 3123 722 3186; x_wconf 82' lang='lat' dir='ltr'>mentitus.</span> <span class='ocrx_word' id='word_1_191' title='bbox 766 3124 809 3186; x_wconf 84' lang='lat' dir='ltr'>At</span> <span class='ocrx_word' id='word_1_192' title='bbox 824 3125 916 3202; x_wconf 90' lang='lat' dir='ltr'>illum,</span> 
     </span>
    </p>

    <p class='ocr_par' dir='ltr' id='par_1_10' title="bbox 129 3219 888 3304">
     <span class='ocr_line' id='line_1_30' title="bbox 129 3219 888 3304; baseline 0 -21"><span class='ocrx_word' id='word_1_193' title='bbox 129 3221 206 3294; x_wconf 70' lang='lat' dir='ltr'>Qua</span> <span class='ocrx_word' id='word_1_194' title='bbox 222 3220 300 3283; x_wconf 84' lang='lat' dir='ltr'>lavet</span> <span class='ocrx_word' id='word_1_195' title='bbox 315 3220 449 3300; x_wconf 84' lang='lat' dir='ltr'>ingeniis,</span> <span class='ocrx_word' id='word_1_196' title='bbox 465 3219 585 3302; x_wconf 81' lang='lat' dir='ltr'>excepit</span> <span class='ocrx_word' id='word_1_197' title='bbox 603 3219 720 3282; x_wconf 83' lang='lat' dir='ltr'>Pallas:</span> <span class='ocrx_word' id='word_1_198' title='bbox 743 3241 888 3304; x_wconf 85' lang='lat' dir='ltr'>avemque</span> 
     </span>
    </p>

    <p class='ocr_par' dir='ltr' id='par_1_11' title="bbox 130 3313 822 3399">
     <span class='ocr_line' id='line_1_31' title="bbox 130 3313 822 3399; baseline -0.001 -20"><span class='ocrx_word' id='word_1_199' title='bbox 130 3315 283 3391; x_wconf 87' lang='lat' dir='ltr'>Reddidit,</span> <span class='ocrx_word' id='word_1_200' title='bbox 298 3329 327 3379; x_wconf 93' lang='lat' dir='ltr'>et</span> <span class='ocrx_word' id='word_1_201' title='bbox 342 3313 440 3377; x_wconf 88' lang='lat' dir='ltr'>medio</span> <span class='ocrx_word' id='word_1_202' title='bbox 457 3315 564 3376; x_wconf 91' lang='lat' dir='ltr'>velavit</span> <span class='ocrx_word' id='word_1_203' title='bbox 580 3317 609 3378; x_wconf 91' lang='lat' dir='ltr'>in</span> <span class='ocrx_word' id='word_1_204' title='bbox 624 3315 693 3384; x_wconf 64' lang='lat' dir='ltr'>aere</span> <span class='ocrx_word' id='word_1_205' title='bbox 708 3317 822 3399; x_wconf 86' lang='lat' dir='ltr'>pennis.</span> 
     </span>
    </p>

    <p class='ocr_par' dir='ltr' id='par_1_12' title="bbox 130 3411 827 3495">
     <span class='ocr_line' id='line_1_32' title="bbox 130 3411 827 3495; baseline -0.004 -18"><span class='ocrx_word' id='word_1_206' title='bbox 130 3415 191 3478; x_wconf 87' lang='lat' dir='ltr'>Sed</span> <span class='ocrx_word' id='word_1_207' title='bbox 206 3415 288 3494; x_wconf 87' lang='lat' dir='ltr'>vigor</span> <span class='ocrx_word' id='word_1_208' title='bbox 300 3411 408 3493; x_wconf 87' lang='lat' dir='ltr'>ingenii</span> <span class='ocrx_word' id='word_1_209' title='bbox 424 3412 572 3495; x_wconf 87' lang='lat' dir='ltr'>quondam</span> <span class='ocrx_word' id='word_1_210' title='bbox 588 3411 697 3476; x_wconf 85' lang='lat' dir='ltr'>velocis</span> <span class='ocrx_word' id='word_1_211' title='bbox 712 3413 742 3474; x_wconf 93' lang='lat' dir='ltr'>in</span> <span class='ocrx_word' id='word_1_212' title='bbox 757 3413 827 3490; x_wconf 79' lang='lat' dir='ltr'>alac,</span> 
     </span>
    </p>

    <p class='ocr_par' dir='ltr' id='par_1_13' title="bbox 130 3509 972 3596">
     <span class='ocr_line' id='line_1_33' title="bbox 130 3509 972 3596; baseline 0.004 -23"><span class='ocrx_word' id='word_1_213' title='bbox 130 3511 224 3596; x_wconf 85' lang='lat' dir='ltr'>Inque</span> <span class='ocrx_word' id='word_1_214' title='bbox 240 3510 331 3594; x_wconf 89' lang='lat' dir='ltr'>pedes</span> <span class='ocrx_word' id='word_1_215' title='bbox 347 3509 432 3572; x_wconf 86' lang='lat' dir='ltr'>abiit:</span> <span class='ocrx_word' id='word_1_216' title='bbox 456 3530 575 3586; x_wconf 90' lang='lat' dir='ltr'>nomen,</span> <span class='ocrx_word' id='word_1_217' title='bbox 591 3509 669 3592; x_wconf 89' lang='lat' dir='ltr'>quod</span> <span class='ocrx_word' id='word_1_218' title='bbox 685 3523 715 3571; x_wconf 87' lang='lat' dir='ltr'>et</span> <span class='ocrx_word' id='word_1_219' title='bbox 729 3509 809 3588; x_wconf 74' lang='lat' dir='ltr'>ante,</span> <span class='ocrx_word' id='word_1_220' title='bbox 823 3514 972 3576; x_wconf 86' lang='lat' dir='ltr'>remansit.</span> 
     </span>
    </p>
   </div>
   <div class='ocr_carea' id='block_1_6' title="bbox 1054 796 1101 862">
    <p class='ocr_par' dir='ltr' id='par_1_14' title="bbox 1054 796 1101 862">
     <span class='ocr_line' id='line_1_34' title="bbox 1054 796 1101 862; baseline 0 0"><span class='ocrx_word' id='word_1_221' title='bbox 1054 796 1101 862; x_wconf 71' lang='grc'>45</span> 
     </span>
    </p>
   </div>
   <div class='ocr_carea' id='block_1_7' title="bbox 0 0 1308 4218">
    <p class='ocr_par' dir='ltr' id='par_1_15' title="bbox 0 0 1308 4218">
     <span class='ocr_line' id='line_1_35' title="bbox 0 0 1308 4218; baseline 0 0"><span class='ocrx_word' id='word_1_222' title='bbox 0 0 1308 4218; x_wconf 95' lang='lat' dir='ltr'> </span> 
     </span>
    </p>
   </div>
  </div>
 </body>
</html>
