2604 4216
491 387 495 394 '
535 403 537 406 ·
597 409 703 463 ursan
719 409 750 460 ι.

188 559 328 642 Gorgone
342 560 389 622 bis
403 573 524 622 centurn
538 561 687 642 riguerunt
700 581 823 642 corpora
838 558 912 622 visa.
961 571 964 576 “
1069 553 1070 559 “
1121 641 1124 648 .

219 656 385 720 Poeuitet
378 657 477 741 injusti
490 678 570 732 nuno
585 656 712 742 denique
726 653 843 726 Phinea
856 655 936 718 bellr.

190 753 252 816 Sed
266 752 335 837 quid
351 757 438 846 agat?
461 753 623 818 simulacra
639 753 718 815 videt
732 745 847 817 diversa
860 752 976 836 figuris3

189 851 393 934 Agnoscitque
408 872 493 913 suos:
517 864 547 913 et
562 851 679 918 nomino
692 860 839 934 quemque
852 842 969 912 vocatos
1101 851 1160 912 155

190 947 292 1010 Poscit
306 970 413 1036 opem:
435 949 618 1032 credensque
632 968 746 1036 parum,
761 947 814 1010 sibi
829 947 963 1058 proxima
977 946 1068 1028 tangit

191 1043 342 1128 Corpora.
365 1067 491 1108 marmor
505 1059 596 1108 erant.
641 1045 810 1121 Avertitur3
833 1057 921 1127 atquc
936 1041 976 1106 ita
990 1041 1128 1127 supplex,

190 1141 449 1226 confessasque
422 1155 536 1229 manus,
551 1133 736 1226 obliquaque
741 1137 860 1204 brachia
874 1130 1007 1217 tendens,
1114 1158 1119 1167 ’

191 1239 334 1317 ‘Vincis’
351 1241 400 1317 ait,
415 1241 563 1304 ‘Persem
587 1259 706 1302 remove
722 1239 783 1301 sera
798 1245 944 1314 monstra}
966 1233 1118 1322 tuaque

190 1337 334 1402 saxificos
350 1338 457 1438 tultae,
473 1359 664 1424 quacumque
680 1358 725 1414 ea,
741 1337 810 1400 tolle
826 1334 971 1397 Medusa.
1056 1339 1058 1346 ⁴
1101 1335 1161 1396 160

190 1433 290 1512 Tolle,
305 1432 419 1518 precor.
464 1433 533 1497 Non
547 1457 599 1522 nos
614 1435 724 1511 odium,
739 1433 859 1516 regnive
873 1415 1044 1517 cupido
1140 1419 1147 1434 ’

171 1525 348 1616 Compulit
362 1532 398 1594 ad
412 1529 538 1595 bellum:
562 1550 616 1615 pro
631 1525 756 1615 conjuge
772 1531 917 1594 movimus
932 1549 1022 1592 arma.
1105 1535 1107 1542 ‘

188 1626 294 1692 Causa
308 1628 361 1690 suit
375 1629 486 1690 meritrs
500 1626 601 1689 melior
615 1643 675 1704 tua,
690 1624 825 1710 ternpore
840 1631 948 1700 nostra.¹
1082 1623 1083 1630 '

191 1725 262 1788 Nou
276 1726 398 1788 cessisse
414 1725 505 1808 piget.
549 1723 641 1799 Nihil,
656 1745 675 1785 n
690 1723 852 1799 fortissime,
868 1737 972 1806 praeter
1022 1739 1026 1744 '

191 1822 280 1886 Hanc
295 1823 422 1886 animam
437 1821 568 1883 concede
581 1820 671 1907 mibi:
695 1833 745 1882 tua
759 1834 864 1882 catera
878 1819 986 1884 sunto.’
1101 1819 1160 1883 165

190 1919 277 1982 Talia
291 1919 410 2002 dicenti,
420 1938 523 2002 'neque
538 1939 616 1994 eum,
631 1939 720 2001 quem
736 1937 810 1979 voce
824 1919 954 1999 rogabat,

191 2016 353 2100 Respicere
363 2016 497 2093 audenti,
514 2015 646 2094 ‘Quod'
663 2016 712 2092 ait,
728 2015 926 2078 ‘timidissime
946 2015 1074 2095 Phineu,

191 2110 232 2176 Et
247 2135 365 2198 possum
380 2114 522 2190 tribuisse,
532 2127 567 2176 et
583 2135 721 2196 magnum
736 2135 841 2175 munus
856 2114 941 2176 inerti
955 2103 1010 2192 est,

193 2210 293 2296 (Pone
308 2211 436 2296 metum)
452 2212 594 2274 tribuam:
617 2211 698 2272 nullo
712 2211 858 2272 violabere
873 2210 959 2273 ferro.

190 2307 276 2380 Quin
290 2310 379 2372 etiam
389 2331 530 2371 mansura
544 2309 620 2372 dabo
634 2297 824 2372 monumenta
839 2329 892 2390 per
906 2329 1019 2386 avum3
1101 2311 1160 2375 lto

191 2403 286 2488 Inque
301 2406 389 2468 domo
403 2406 497 2468 soceri
512 2425 630 2488 semper
645 2405 816 2488 spectabere
831 2406 938 2468 nostri·
1053 2402 1055 2410 ’

191 2501 235 2565 Ut
249 2519 316 2574 mea
330 2524 361 2564 se
375 2503 475 2586 sponsi
489 2504 598 2566 soletur
612 2501 738 2584 imagine
753 2501 886 2586 conjux?

193 2589 295 2661 Dixit:
319 2597 391 2661 etin
407 2615 521 2683 partem
536 2597 725 2682 Phorcynida
739 2599 883 2662 transtulit
900 2599 989 2677 illam,

190 2697 241 2758 Ad
257 2718 344 2779 quam
359 2718 390 2758 se
405 2697 520 2780 trepido
534 2692 666 2760 Phineus
681 2695 845 2775 obverterat
860 2717 921 2759 ore.
1073 2689 1074 2694 ¹

190 2792 271 2854 Turn
289 2815 404 2877 quoque
419 2793 535 2858 conanti
550 2797 602 2855 su'a
616 2792 735 2874 flectere
750 2793 860 2855 lumina
874 2793 976 2856 cervix
1100 2781 1160 2856 175
1231 2827 1235 2842 =

192 2888 330 2971 Diagon,
346 2911 477 2973 saxoque
492 2890 645 2951 oculorum
657 2889 785 2952 induruit
799 2890 915 2950 humor.
1223 2967 1224 2976 ι

192 2984 252 3049 Sed
268 2999 366 3048 tamen
380 3007 414 3047 os
428 2985 573 3061 timidum,
590 2985 745 3068 vultusque
760 2985 789 3046 in
804 3006 947 3046 marmore
961 2987 1099 3074 supplex,

192 3081 406 3165 Submissaeque
421 3103 534 3160 manus,
550 3080 697 3164 faciesque
712 3081 839 3143 obnoxia
853 3084 967 3146 mansit.
1131 3093 1133 3096 ’
