2608 4218
574 364 682 430 uteru
703 364 760 414 xv.

183 510 261 592 Nec,
276 512 331 577 nisi
344 512 414 577 cirm
428 513 525 578 senior
538 514 646 576 similes
660 514 816 597 aquaverit
831 535 932 592 annos,
971 567 973 570 .
1029 565 1032 568 .
1120 560 1122 570 ,

185 611 341 674 AEthereas
356 611 442 682 sedes
455 624 638 694 cognataque
653 611 749 673 sidera
763 625 873 692 tanget.
946 687 949 692 Ι

183 708 271 772 Hanc
285 703 413 771 a'uimam
427 709 538 770 interea
551 729 627 770 caeso
642 707 680 770 de
694 729 817 790 corpore
832 721 957 790 raptam,

183 805 248 868 Fac
257 805 356 890 jubar,
369 819 402 867 ut
417 825 535 888 semper
549 803 699 888 Capitolia
712 818 809 886 nostra
824 803 994 887 Forumque

183 901 281 965 Divus
294 903 333 964 ab
348 900 468 976 excelsi
483 914 651 985 prospectet
665 899 761 970 Julius
777 901 861 964 aedess
1046 957 1049 960 .
1089 901 1153 966 295

226 997 290 1060 Vix
305 998 430 1063 ea‘satus
445 1011 517 1076 erat,
532 997 631 1060 media
643 997 712 1071 crim
726 997 796 1058 sede
810 995 940 1064 Senatus
1006 1061 1009 1065 ,
1103 1027 1104 1030 “

184 1095 325 1158 Constitit
339 1095 415 1157 alma
430 1093 544 1170 Venus,
555 1094 630 1178 ¹nulli
644 1093 802 1169 cernenda,
816 1093 920 1186 suique

183 1191 308 1255 Caesaris
323 1186 429 1274 eripuit
442 1191 589 1267 membris,
602 1211 660 1252 nec
674 1190 704 1252 in
719 1192 787 1252 aera
799 1189 873 1252 solvi
1097 1269 1099 1272 Ι

184 1287 275 1351 Passa
289 1293 438 1352 recentem
453 1287 591 1362 animam,
604 1286 774 1350 coelestibus
788 1285 885 1350 intulit
899 1285 992 1348 astris.

183 1383 326 1468 Dumque
340 1384 531 1460 tulit,.lumen
545 1403 663 1465 capere,
678 1397 767 1466 atque
782 1383 932 1462 ignescere
946 1382 1047 1459 sensit,
1090 1385 1154 1446 300
1170 1423 1173 1428 -

184 1479 349 1564 Emisitque
363 1481 439 1542 sinu.
483 1479 573 1541 Luni
588 1479 666 1541 volat
680 1479 765 1544 uuus
779 1478 839 1555 illa,

184 1569 465 1660 Flammiferumque
479 1577 597 1638 trahens
611 1576 739 1657 spatioso
752 1575 845 1636 limite
859 1574 971 1636 crinem

184 1673 279 1736 Stella
292 1673 392 1759 micat,
406 1673 525 1756 natique
541 1671 643 1734 videus
657 1672 734 1732 bene
749 1670 839 1747 sacta,
854 1669 960 1732 fatetur

185 1769 262 1832 Esse
276 1770 336 1831 suis
350 1769 469 1856 majora,
481 1782 511 1830 et
527 1766 603 1830 vinei
617 1767 725 1849 gaudet
739 1767 776 1828 ab
791 1767 851 1830 illo.
960 1765 961 1770 ’

184 1866 245 1930 Hic
259 1887 313 1928 sua
328 1864 455 1949 praeferri
470 1885 647 1950 quanquam
656 1877 735 1931 vetat
750 1878 816 1928 acta
829 1863 974 1948 paternis,
1092 1867 1155 1928 305

185 1963 296 2026 Libera
311 1962 391 2027 sama
403 1976 512 2038 tamen,
527 1960 813 2045 nullisqueobuoxia
823 1960 923 2045 jussis,

184 2059 313 2123 Invitum
328 2058 461 2143 praesert3
483 2057 602 2141 unique
617 2058 646 2120 in
661 2071 744 2141 parte
758 2071 913 2140 repugnat.

185 2153 235 2220 Sic
249 2157 347 2238 magni
362 2157 442 2218 cedit
456 2156 546 2217 titulis
564 2155 793 2236 Agamemnonis
809 2155 937 2218 Atreus:
1015 2197 1020 2206 ·

185 2253 284 2335 AEgea
297 2255 339 2316 sio
353 2253 502 2328 Theseus,
516 2253 558 2314 sic
573 2250 666 2313 Pelea
681 2251 771 2314 vincit
785 2251 929 2320 Achilles.
977 2317 981 2324 ,

187 2349 337 2433 Denique,
351 2363 385 2411 ut
399 2347 546 2430 exemplis
563 2347 641 2429 ipsos
656 2347 835 2430 aquantibus
850 2359 924 2422 utar,
1094 2347 1157 2410 310

187 2446 237 2509 Sic
252 2459 282 2508 et
298 2445 440 2508 Saturnus
455 2445 548 2506 minor
562 2456 608 2505 est
621 2441 710 2505 Jove.
755 2442 872 2526 Jupiter
886 2462 968 2504 acres

186 2541 349 2626 Temperat
363 2543 512 2616 ethereae,
528 2554 558 2602 et
572 2539 673 2604 mundi
688 2561 778 2622 regna
792 2537 946 2601 triformis:

186 2639 281 2702 Terra
294 2639 348 2700 sub
364 2638 520 2719 Augusto:
544 2651 627 2721 pater
642 2651 688 2699 est
702 2650 733 2699 et
746 2651 842 2699 rector
852 2649 987 2718 uterque.
1047 2639 1049 2644 ’
1085 2667 1087 2672 κ

229 2735 283 2813 Di,
299 2756 413 2817 precor,
429 2731 533 2796 AEueae
547 2734 681 2809 comites,
697 2733 801 2816 quibus
815 2733 892 2797 ensis
907 2745 937 2794 et
952 2731 1026 2812 iguis

187 2830 362 2907 Cesserunt,
377 2830 467 2912 dique
481 2829 642 2910 Indigetes,
657 2820 839 2911 genitorque,
855 2828 994 2905 Quirine,
1095 2831 1158 2892 315

186 2925 289 3002 UrbiS,
304 2939 334 2988 et
349 2925 447 2987 invicti
462 2925 586 3005 genitor,
601 2923 742 2999 Gradive,
757 2923 887 3002 Quirini,

102 3075 106 3080 .
189 3022 342 3106 Vestaque
357 3019 509 3083 Cesareos
524 3019 598 3082 iuter
612 3033 724 3083 sacrata
738 3018 879 3099 Penates,

188 3119 314 3182 Etcum
329 3115 467 3182 Cesarea
481 3129 524 3192 tu,
539 3115 658 3178 Phoebe
673 3117 843 3196 domestice,
860 3117 966 3194 Veste,

188 3216 311 3299 Quique
325 3229 409 3277 tenes
424 3214 498 3276 altus
512 3212 668 3297 Tarpeias,
683 3213 809 3298 Jupiter,
825 3235 915 3291 arces,

120 3375 122 3383 ,
188 3312 335 3396 Quosque
350 3309 494 3373 aiiosvati
509 3309 552 3372 fas
567 3311 716 3394 appellare
731 3310 890 3395 piumque3
1095 3311 1159 3373 320

187 3409 288 3474 Tarda
303 3409 339 3471 sit
354 3409 402 3470 illa
416 3407 489 3483 dies,
504 3421 534 3470 et
548 3421 649 3470 nostro
664 3409 754 3471 serior
767 3429 840 3484 aevo,
961 3419 963 3422 ’

189 3504 263 3577 Qua
277 3503 367 3587 caput
380 3504 560 3584 Augustum,
576 3525 663 3586 quern
678 3517 833 3585 temperat,
844 3503 915 3566 orbe
929 3501 1033 3565 relicto

118 3672 122 3680 Ι
189 3599 325 3663 Accedat
337 3600 426 3676 coelo,
441 3599 598 3682 faveatque
613 3600 796 3682 precantibus
811 3600 927 3662 absens.
