2608 4218
429 391 433 400 ·
531 348 736 456 araneam.

144 530 277 600 AEacidae
292 531 431 619 iracunda
445 536 496 600 sui.
541 538 629 602 hcet
643 538 718 600 llion
734 539 854 619 ingena-r
944 589 947 602 2
1099 605 1101 612 ,

146 632 326 717 Eventuquc
341 636 422 716 gravi
436 632 516 718 finita
530 650 577 699 est,
589 637 707 718 publica
721 636 820 698 clades
830 657 845 697 :-
956 669 960 674 ·
1047 685 1052 718 5

145 729 179 792 Si
192 730 272 792 finita
287 744 397 794 tamen.
443 732 505 796 Soli
520 733 591 802 mihi
606 733 753 816 Pergama
767 745 892 796 restant:
1024 807 1029 811 .
1056 729 1119 794 500

146 822 182 888 In
194 845 341 911 cursuque
356 850 440 891 meus
455 829 538 892 dolor
553 842 608 892 est.
652 827 749 894 Modo
762 830 892 892 maxima
904 848 1013 904 rerum,

145 921 208 985 Tot
222 925 337 1006 generis
351 926 485 1010 natisque
501 937 616 1010 potens,
632 927 809 1010 nuribusque
825 926 956 1009 viroque,

146 1017 236 1092 Nunc
251 1022 350 1084 trahor
364 1025 461 1100 exsul,
475 1024 570 1108 inops,
586 1025 704 1086 tumulis
719 1023 820 1086 avulsa
834 1043 978 1099 meorum,

146 1115 308 1200 Penelope
322 1141 429 1182 munus
439 1135 451 1183 ε’
471 1141 536 1204 que
549 1143 609 1198 me,
625 1121 693 1182 data
707 1137 800 1204 pensa
814 1117 991 1197 trahentem,
1133 1181 1134 1184 ,

146 1212 292 1276 Matribus
306 1204 465 1278 ostendeus
480 1217 599 1295 Ithacis,
615 1224 635 1254 “
644 1216 719 1280 Haec
734 1215 872 1280 Hectoris
885 1217 935 1282 illa
950 1229 996 1279 est
1057 1215 1120 1280 505

147 1303 374 1395 Clara'parens:
398 1314 460 1376 hec
475 1315 551 1391 est,”
568 1315 657 1391 dicet,
673 1321 691 1350 “
703 1314 853 1378 Priameia
865 1313 1008 1398 conjuxss'
1094 1375 1095 1380 ,

147 1407 280 1493 Postque
295 1424 338 1473 tot
353 1413 474 1476 amissos
489 1419 520 1474 tu
536 1434 625 1489 nunc,
641 1433 704 1495 que
719 1412 781 1473 sola
794 1410 924 1474 levabas-

147 1503 300 1569 Materucs
313 1508 421 1584 luctus,
436 1509 652 1571 hostiliabusta
666 1507 763 1591 piasti.

147 1601 270 1666 Inferias
284 1605 361 1667 hosti
376 1606 490 1688 peperi.
534 1605 609 1678 Qud
624 1605 717 1675 ferrea
731 1607 829 1667 resto?
881 1635 885 1643 ·
922 1621 925 1626 ·

148 1698 274 1774 Quidve
287 1704 404 1764 moror?
428 1703 487 1786 qud
502 1724 551 1766 me
565 1723 674 1779 servas,
689 1701 829 1766 damnosa
843 1704 1000 1764 senectus?
1058 1705 1122 1765 510

148 1795 244 1875 Quid,
260 1797 290 1860 di
305 1800 450 1876 crudeles,
465 1799 594 1883 nisi-qud
609 1820 687 1864 nova
702 1797 804 1870 lunera
821 1819 951 1874 cernam,

149 1892 295 1958 Vivacern
310 1896 432 1960 differtis
441 1899 557 1960 anum?
601 1895 680 1971 Quis
693 1917 782 1978 ,posse
798 1908 913 1979 putaret

148 1987 283 2066 Felicem
299 1992 460 2070 Priamum,
477 2007 543 2078 post
557 1992 823 2076 dinrta.Pergama‚
839 1993 917 2056 dici?

148 2086 238 2152 Felix
252 2104 346 2154 morte
361 2093 495 2178 suiquec
510 2105 551 2170 te,
565 2113 634 2154 mea
647 2105 727 2168 nata,
742 2105 927 2176 peremptam

149 2186 296 2271 Adspicit,
312 2202 344 2251 et
358 2190 448 2252 vitam
463 2191 569 2272 pariter
583 2209 767 2272 regnumque
780 2183 907 2271 reliquit.
1058 2191 1121 2254 515

148 2284 192 2346 At
209 2284 311 2371 (puto)
329 2285 478 2367 funeribus
493 2285 644 2362 dotobere,
658 2286 739 2367 regia
753 2285 853 2368 virgo;

148 2381 362 2468 Condcturque
377 2399 461 2454 tuum
476 2383 673 2448 monumentis
686 2403 793 2466 corpus
811 2383 922 2452 avitis„

149 2471 219 2544 Nou
233 2479 296 2544 haec
311 2495 354 2544 est
370 2480 485 2548 fortuna
499 2481 616 2546 domrls,
660 2480 729 2543 Tibi
744 2501 866 2544 munera
880 2481 979 2543 matris

148 2577 332 2662 Contingent
347 2579 445 2656 fletae,
460 2578 814 2662 peregrinaquelraustus
830 2599 935 2642 arenae.

147 2676 259 2741 Omnia
273 2663 465 2762 perdidimus.
510 2677 663 2760 Superest,
672 2698 727 2738 cur
742 2674 840 2739 vivere
856 2691 974 2760 tempus
1059 2678 1123 2740 520

148 2773 183 2837 ln
198 2775 289 2838 breve
304 2776 474 2851 sustineam,
490 2776 586 2858 proles
601 2773 762 2856 gratissima
775 2775 871 2850 matri,

149 2870 239 2936 Nunc
254 2872 345 2947 solus,
360 2863 508 2955 quondam
522 2872 659 2933 minimus
674 2871 711 2932 de
726 2871 816 2953 stirpe
833 2871 916 2947 virili,

150 2969 214 3034 Has
228 2969 315 3034 datus
329 2967 451 3030 Ismario
465 2968 526 3049 regi
541 2965 708 3050 Polydorus
724 2967 752 3028 in
767 2988 843 3028 cras.

148 3066 234 3140 Quid
250 3087 348 3128 moror
362 3065 474 3128 interea
488 3063 617 3126 crudelia
632 3064 752 3126 vulnera
766 3062 897 3146 lymphis

149 3163 293 3239 Abluere,
307 3175 338 3226 et
353 3183 468 3246 sparsos
483 3161 586 3224 immiti
600 3160 742 3244 sanguine
756 3158 881 3223 vultus?’
1060 3165 1123 3228 525

193 3261 296 3326 Dixit:
320 3276 351 3324 et
366 3261 403 3324 ad
418 3261 498 3324 littus
513 3281 599 3344 passu
618 3260 757 3342 processit
771 3258 849 3336 anili,

150 3359 297 3422 Albentes
310 3360 419 3424 laniata
432 3380 543 3422 comas.
589 3356 698 3432 ‘Date,
710 3356 854 3434 Troades,
869 3358 994 3436 urnam,’

150 3457 278 3520 Dixerat
293 3457 405 3534 infelix,
420 3457 550 3541 liquidas
559 3456 686 3518 hauriret
701 3467 734 3517 ut
748 3454 857 3518 undas:

150 3555 289 3638 Adspicit
303 3555 432 3640 ejectum
446 3553 588 3638 Polydori
602 3553 631 3619 in
645 3553 742 3616 littore
757 3573 875 3637 corpus,
