2608 4218
164 321 208 386 0⁰
480 329 830 384 namurcensem

163 479 292 543 Suscitat
306 479 477 558 bestamos3
499 479 633 566 foliisque
648 496 679 544 et
692 482 803 546 cortice
817 482 898 544 sicco

163 575 281 654 Nutrit3
303 591 333 640 et
349 577 385 640 ad
401 577 537 646 flammas
549 599 567 642 a
581 579 663 650 nimai
676 579 812 663 producit
825 580 909 642 anili:
1023 645 1028 650 ,

162 671 384 759 Multifidasque
398 673 488 752 laces,
503 677 681 762 ramaliaque
695 677 777 754 arida
791 691 873 738 tecto

162 769 290 850 Detulit,
306 788 336 834 et
350 773 466 850 minuit,
481 795 632 858 parvoque
646 773 779 838 admovit
794 778 881 838 aino.

162 867 315 955 Quodque
330 892 400 932 suus
414 871 525 956 conjux
538 870 622 956 riguo
636 873 795 958 eollegerat
811 873 906 950 horto,
1007 869 1010 874 ’

161 964 295 1030 Truncat
308 967 372 1031 olus
387 967 472 1030 loliis.
516 966 618 1032 Furoai
631 971 711 1032 levat
725 970 774 1032 ille
790 971 900 1034 bicorni

161 1061 287 1126 Sordida
301 1079 382 1148 terge
397 1065 467 1142 suis,
482 1065 565 1148 nigro
579 1066 740 1148 pendentia
754 1068 852 1150 tigno.

161 1159 345 1246 Servatoque
360 1163 409 1225 diu
424 1177 539 1226 resecat
553 1163 591 1225 de
606 1177 721 1246 tergore
737 1180 852 1250 partem

162 1257 330 1342 Exiguarn3
352 1275 523 1346 sectamque
538 1261 638 1325 domat
651 1261 831 1327 ferventibus
845 1265 941 1328 undis.
1076 1323 1078 1326 .

203 1353 321 1419 Interea
334 1357 447 1420 medias
461 1357 565 1420 tadum
579 1359 763 1422 sermonibus
777 1360 880 1424 boras:

161 1451 328 1538 Sentirique
342 1475 456 1518 moram
470 1455 637 1538 prohibeat.
682 1455 756 1520 Erat
770 1458 872 1522 alveus
887 1459 946 1522 illic
1076 1465 1137 1526 tto

160 1548 322 1633 Fagineus,
335 1553 429 1616 curva
441 1553 527 1616 clavo
541 1575 702 1636 supensus
717 1553 755 1617 ab
768 1555 858 1624 ausi:

132 1653 134 1660 '
160 1646 190 1712 ls
204 1649 311 1733 tepidis
325 1650 465 1734 impletur
478 1651 560 1736 aquis
573 1672 582 1729 3
603 1655 743 1736 aurasque
757 1651 900 1716 fovendos

160 1747 291 1830 Accipit.
336 1746 371 1810 ln
386 1749 485 1814 medio
500 1764 579 1814 torus
594 1764 640 1812 est
654 1750 692 1813 de
707 1751 844 1814 mollibus
858 1751 933 1814 ulvis
1035 1813 1043 1820 .

161 1841 319 1927 Impositus
332 1846 421 1922 lecto,
436 1847 553 1929 spondi
567 1846 752 1931 pedibusque
765 1849 893 1931 salignis.

161 1939 303 2004 Vestibus
318 1942 397 2004 hunc
409 1943 519 2020 velant,
530 1963 604 2026 quas
617 1965 677 2006 non
692 1944 746 2006 uisi
761 1958 897 2028 tempore
911 1945 988 2012 sesto
1064 1949 1136 2012 -115

160 2037 298 2103 Sternere
313 2040 506 2104 consuerant:
529 2041 582 2104 sed
598 2055 628 2104 et
648 2041 711 2104 haeo
726 2041 850 2126 vilisque
864 2057 1009 2130 vetusque
1093 2107 1096 2112 .

161 2136 262 2201 Vestis
277 2152 349 2216 erat,
363 2137 441 2202 lecto
456 2161 515 2200 non
530 2139 708 2222 indignanda
722 2140 844 2223 saligno.
884 2197 887 2204 .

160 2235 341 2300 Adcubuire
356 2236 415 2302 dei.
460 2233 600 2300 Mensam
612 2239 763 2304 succincta
777 2251 967 2325 tremensque
1098 2291 1101 2301 .

160 2331 250 2396 Ponit
264 2357 347 2400 anus.
392 2332 506 2402 Mense
521 2335 574 2398 sed
589 2351 652 2400 etat
667 2359 723 2420 pes
739 2337 841 2408 tertius
855 2337 965 2422 impar:
1067 2399 1072 2404 .

160 2430 254 2494 Testa
269 2453 371 2515 parem
386 2431 466 2495 lecit.
512 2431 590 2506 Qua
608 2447 763 2517 postquam
778 2435 893 2497 subdita
905 2435 1017 2498 clivum
1077 2438 1138 2502 lm

160 2527 303 2606 Sustulit;
325 2543 468 2614 aequatam
483 2545 590 2592 menta
606 2531 716 2594 tersere
732 2532 870 2596 virentes.

160 2626 285 2690 Ponitur
299 2627 347 2689 bic
361 2627 473 2688 bicolor
484 2627 605 2690 sincere
619 2627 711 2698 bacca
726 2624 880 2707 Minerva,

161 2724 349 2808 conditaque
364 2724 393 2786 iu
409 2723 522 2808 liquidi
534 2745 625 2789 corna
639 2727 820 2790 autumnalia
833 2726 915 2805 sace,

160 2821 336 2906 lntubaque,
352 2835 382 2884 et
396 2821 490 2900 radix,
505 2835 536 2886 et
549 2824 634 2888 lactis
648 2846 745 2888 massa
758 2825 852 2890 coacti
864 2848 872 2904 3
1056 2890 1061 2896 .

160 2919 299 3003 Ovaque,
314 2943 373 2984 uon
388 2920 448 2986 acti
461 2920 567 2984 leviter
582 2937 697 2986 versata
713 2922 831 3000 savrllti3
1076 2927 1136 2990 tffi

160 3017 270 3081 Omnia
284 3019 429 3084 fictilibus.
473 3018 549 3084 Post
562 3021 626 3086 bec
640 3022 759 3085 caelatus
773 3022 880 3087 eidem

157 3119 278 3194 ¹sistitur
292 3120 395 3200 argilla
407 3135 503 3185 crater
512 3143 520 3196 ;
530 3157 535 3164 ·
544 3120 741 3206 fabricataque
757 3122 824 3204 sago

162 3216 285 3293 Pocula,
302 3217 361 3299 qut
374 3239 449 3280 cava
462 3233 530 3282 sunt
544 3218 720 3282 flaventibus
735 3219 806 3286 illita
820 3220 906 3282 ceris.

143 3359 145 3364 -
204 3313 301 3376 Parva
316 3335 398 3376 mora
411 3329 474 3391 est3
496 3315 658 3398 epulasque
673 3315 730 3379 foci
744 3316 851 3378 uisere
865 3317 1013 3390 calentes:

162 3411 229 3475 blec
244 3413 336 3494 longe
351 3433 448 3474 rursus
462 3410 627 3474 refemntur
640 3412 708 3474 vina
722 3426 867 3490 senectae3
1076 3417 1137 3484 130

142 3585 145 3590 Ι
163 3507 304 3595 Dnutque
317 3510 416 3572 locum
431 3509 539 3574 mensis
554 3509 674 3592 pauliun
688 3509 811 3572 seducta
825 3510 972 3576 secundis.
