2608 4218
151 349 212 418 102
377 383 381 408 ι
439 359 794 440 umnnouruosqorr,

148 509 326 595 Hesperidas
342 511 466 574 donasse
480 525 577 594 putes.
622 511 655 572 Si
670 509 800 594 postibus
815 506 880 572 altis

147 607 288 670 Admovit
303 607 425 690 digitos3
447 604 547 690 postes
562 607 672 670 radiare
688 607 834 669 videntur.
939 681 943 689 Δ

146 702 199 768 llle
215 705 302 766 etiarn
317 705 432 789 liquidis
447 706 559 787 palmas
573 703 622 766 ubi
637 697 747 768 laverat
761 703 857 779 undiS,
890 743 893 749 -
968 715 970 718 '

145 797 235 862 Unda
248 801 344 870 lluens
359 801 463 888 palmis
478 801 605 862 Danaen
620 799 740 862 eludere
756 812 863 881 posset.
886 841 891 853 =

188 896 251 958 Vix
267 919 335 980 spes
350 888 412 980 ipse
427 917 493 958 suas
508 897 606 958 animo
620 896 709 978 capit,
725 917 813 962 aurea
826 897 938 975 fingens

144 991 263 1055 Omnia.
309 993 458 1056 Gaudenti
471 1013 587 1054 mensas
602 993 726 1074 posuere
741 991 873 1065 ministri,

144 1087 318 1151 Exstnrctas
333 1090 467 1172 dapibus,
482 1109 538 1150 nec
553 1098 635 1150 tostae
651 1087 738 1168 frugis
753 1101 885 1169 egentes.

143 1183 223 1245 Turn
241 1185 322 1261 verb,
337 1185 398 1246 slve
413 1185 460 1246 ille
472 1184 529 1248 ,sud
543 1183 681 1247 Cerealia
696 1183 802 1245 dextris

143 1277 270 1342 Munera
284 1275 455 1363 contigerat,
471 1279 699 1350 Cerealiedona
712 1280 853 1360 rigebant.

88 1392 103 1447 fr
143 1374 212 1439 Sive
227 1375 318 1459 dapes
332 1373 420 1458 avido
434 1376 601 1440 convellere
616 1376 704 1444 dente
726 1371 856 1458 parabat,

142 1466 268 1534 Lamina
282 1471 362 1534 fulva
377 1473 467 1556 dapes
483 1473 602 1536 admoto
616 1472 705 1534 dente
720 1473 861 1542 nitebant.
940 1525 941 1528 ,

141 1565 304 1630 Miscuerat
318 1569 397 1651 puris
412 1583 563 1631 auctorem
578 1563 706 1631 muneris
718 1568 813 1644 undis,
874 1608 876 1614 π
928 1614 931 1618 -

142 1659 244 1725 Fusile
259 1686 314 1747 per
327 1664 416 1728 rictus
431 1686 533 1728 aurum
549 1664 663 1730 fluitare
679 1665 803 1728 videres.

183 1761 336 1822 Attonitus
351 1762 480 1823 novitate
495 1761 574 1837 mali,
590 1761 741 1844 divesque,
752 1761 898 1846 miserque

141 1853 282 1935 Effirgere
298 1869 380 1936 optat
395 1877 484 1938 opes:
508 1870 548 1932 et,
565 1878 628 1937 quae
643 1857 733 1917 modb
748 1869 883 1931 voverat,
894 1855 966 1918 odit.

67 1969 68 1972 ’
135 1947 239 2032 ¹Copia
252 1952 332 2011 nulla
347 1949 454 2013 samem
470 1952 598 2012 relevat:
621 1951 682 2012 sitis
697 1951 889 2032 arida-,guttur

139 2043 218 2122 Urit,
233 2059 264 2107 et
277 2046 369 2107 inviso
383 2045 502 2122 meritus
516 2059 668 2128 torquetur
681 2046 718 2106 ab
732 2067 814 2107 auro.

140 2139 189 2201 Ad
204 2127 373 2224 coelurnque
390 2161 492 2202 manus
508 2152 538 2202 et
550 2139 706 2222 splendida
720 2140 837 2204 brachia
852 2140 968 2217 tollens,
1021 2131 1022 2138 ἵ
1114 2170 1120 2182 2

140 2235 208 2298 ‘Da
222 2237 349 2314 veniam,
365 2235 475 2300 Leuaee
491 2251 574 2320 pater
583 2259 591 2315 3
614 2236 828 2321 peccavimusss,
840 2237 948 2320 inquit:
1029 2293 1032 2295 ,

110 2365 113 2386 ι
140 2332 220 2394 ‘Sed
235 2335 382 2411 miserere,
398 2354 511 2416 precor,
527 2335 721 2416 speciosoque
736 2334 816 2416 eripe
832 2333 960 2416 damno)
1040 2416 1041 2419 Ἴ
1068 2365 1085 2401 2

139 2426 215 2490 Mite
231 2430 320 2492 deum
335 2424 443 2504 numen
459 2429 599 2491 Bacchus
614 2431 754 2512 peccasse
771 2428 912 2493 latentem

69 2591 72 2594 ,
139 2523 290 2602 Restituit,
306 2539 482 2608 pactamque
497 2524 596 2600 fidem,
612 2525 680 2589 data
693 2545 824 2601 munera,
840 2525 937 2588 solvit.

139 2619 244 2681 ‘Neve
257 2621 337 2682 male
352 2634 453 2702 optato
468 2641 587 2682 maneas
601 2620 779 2692 circumlitus
795 2643 876 2698 euro,

139 2716 247 2793 Vade,'
264 2718 337 2793 ait„‘
347 2717 385 2778 ad
399 2717 511 2798 magnis
527 2717 653 2780 ricinum
670 2718 809 2780 Sardibus
824 2739 961 2796 amnem;

137 2811 257 2895 Perque
269 2813 373 2898 jugum
388 2815 495 2876 montis
509 2801 674 2876 labentibus
687 2815 790 2878 obvius
805 2815 889 2878 undis
995 2809 996 2814 ¹

138 2907 239 2989 Carpe
256 2910 352 2986 viam3
375 2909 470 2972 donec
485 2909 585 2972 venias
600 2910 637 2972 ad
653 2910 780 2974 fluminis
793 2925 885 2973 ortus·

137 3001 364 3089 Spumiseroque
379 3020 462 3069 tuum
478 3001 559 3084 lon'ti,
572 3009 634 3091 ,qud
650 3007 789 3090 plurimus
805 3005 876 3085 eirit,

138 3097 239 3160 Subde
254 3116 361 3184 caput:
384 3125 550 3186 corpusque
565 3104 662 3180 simul,
677 3104 763 3166 simul
780 3106 846 3166 elue
861 3102 993 3168 crimen)
1057 3163 1060 3167 .

137 3189 210 3254 Rex
218 3193 307 3276 jussae
321 3197 454 3258 succedit
469 3219 561 3280 aquae.
608 3197 662 3260 Vis
678 3219 765 3260 aurea
782 3199 866 3260 tinxit
1055 3261 1057 3266 a

137 3286 277 3368 Flumen,
289 3305 318 3354 et
333 3292 462 3354 humano
477 3294 514 3353 de
527 3313 657 3374 corpore,
664 3294 752 3356 cessit
766 3295 794 3355 in
810 3315 938 3356 amnem.
1067 3298 1126 3359 55·

138 3382 227 3448 Nunc
243 3409 360 3470 quoque
372 3387 433 3472 jam
450 3389 557 3449 veteris
572 3406 714 3470 percepto
729 3389 840 3450 semine
857 3411 938 3453 venae

137 3480 221 3544 Arva
235 3485 339 3566 rigent,
354 3506 424 3546 euro
438 3484 561 3546 madidis
576 3484 715 3566 pallentia
729 3485 831 3566 glebis.
