2604 4216
154 353 198 416 40
263 391 267 398 -
463 358 806 418 unruuouruosrou

154 507 218 572 Etsi
233 531 293 574 non
306 509 442 588 bominis,
457 530 545 593 quam
561 523 733 572 nontamen
747 508 836 572 edere
849 507 942 592 possit
961 541 965 549 «
1019 561 1023 566 .

152 605 279 684 Cervus,
294 607 399 670 babet:
421 608 593 690 moestisque
607 607 702 691 replet
711 605 784 689 juga
795 619 867 668 nota
881 605 1024 688 querelis:

152 701 193 764 Et
208 704 330 785 genibus
345 704 473 788 supplex
487 704 595 788 pronis,
610 702 767 786 simileque
782 703 905 784 roganti,
1059 704 1122 764 150

152 798 331 864 Circumfert
345 803 458 880 tacitae,
472 815 611 884 tauquam
625 821 678 870 suo
696 798 825 876 brachia,
841 800 968 862 vultus·
1003 829 1005 836 v
1060 849 1063 856 .
1103 828 1106 838 ·

151 898 194 958 At
207 898 330 960 comites
345 899 477 980 rapidrun
492 897 582 960 solitis
597 895 757 959 hortatibus
772 917 879 978 agmen

150 991 246 1074 Ignari
261 994 407 1076 instigant,
421 994 571 1081 oculisque
586 993 728 1061 Acmona
743 1006 892 1078 querunt3

151 1089 192 1152 Et
209 1092 288 1154 velut
303 1092 453 1157 absentem
467 1091 601 1154 certatim
617 1090 760 1152 Actaeona
771 1091 910 1154 clamant.
1008 1125 1010 1136 =

149 1187 202 1248 Ad
215 1209 324 1250 nomen
338 1189 491 1275 caputille
505 1187 609 1250 refert:
632 1201 665 1249 ut
678 1187 781 1249 abesse
801 1199 970 1270 queruntur,
994 1251 995 1256 ,
1058 1187 1119 1249 155

149 1281 217 1346 Nec
230 1305 338 1367 capere
352 1285 456 1351 oblata
470 1303 592 1366 segnem
606 1284 775 1368 spectacula
789 1284 904 1367 prede.
960 1313 961 1320 ¹
1017 1323 1020 1332 ·

150 1377 251 1442 Vellet
265 1382 367 1444 abesse
382 1381 520 1464 quidem3
542 1379 595 1443 sed
609 1381 708 1444 adest:
731 1381 879 1464 velletque
894 1379 1005 1458 videre,

148 1474 219 1538 Non
234 1478 322 1540 etiam
337 1478 455 1555 sentire,
469 1487 577 1540 canum
589 1467 652 1540 'feru
667 1476 743 1542 sacta
757 1498 886 1540 suorum.
978 1510 982 1514 -

148 1571 289 1657 Undique
303 1575 506 1638 circumstant:
529 1573 690 1658 mersisque
704 1573 875 1657 incorpore
884 1573 982 1638 rostris
1022 1637 1030 1647 „

148 1667 319 1734 Dilacerant
333 1671 396 1734 salsi
410 1672 562 1736 dominum
576 1671 630 1760 sub
646 1671 876 1753 imagine-cervi.
1048 1672 1121 1736 160

362 1919 476 1978 ultore
499 1893 534 1961 nl
556 1919 742 1962 nenrrnuos
765 1905 897 1962 uocari.

502 2121 505 2124 -
572 2101 601 2144 v.
618 2083 692 2144 571.
718 2089 720 2098 ’

146 2249 284 2335 Adspicit
297 2251 379 2314 hunc
390 2251 482 2314 oculis
497 2251 661 2331 Pentheus,
678 2275 751 2336 quos
766 2273 808 2317 rra
823 2253 991 2322 tremendos

146 2347 291 2412 Fecerat:
314 2363 354 2426 et,
370 2367 537 2434 quanquam
554 2371 648 2432 poene
664 2350 715 2412 vix
727 2363 861 2432 tempora
875 2350 980 2427 differt,
1074 2345 1078 2354 ’

145 2445 194 2507 ⁴0
209 2447 347 2529 periture,
363 2445 472 2528 tuique
487 2447 549 2508 aliis
563 2446 740 2510 documenta
758 2447 860 2508 dature

146 2540 267 2619 Morte,'
283 2543 332 2619 ait,
348 2541 422 2604 ‘ede
437 2553 523 2604 tuum
536 2563 655 2618 nomcn,
670 2564 838 2626 nomenque
852 2542 1017 2626 parentum,
1033 2601 1038 2612 ,
1112 2565 1114 2574 ’

145 2637 187 2700 Et
202 2639 343 2721 patriam3
364 2639 514 2720 morisque
525 2639 594 2701 novi
607 2661 661 2702 cur
673 2656 754 2703 sacra
776 2638 965 2722 frequentes.’
1054 2642 1116 2705 165

145 2734 199 2798 lllc
214 2749 295 2797 metu
310 2755 430 2811 vacuuS,
446 2734 583 2798 ‘Nomen
597 2736 689 2812 mihi:
706 2737 790 2813 dixit,
806 2735 966 2813 ‘Acoetes3
1070 2783 1075 2788 ι

145 2831 254 2908 Patria,
269 2830 397 2896 Maenia
411 2845 472 2896 est:
496 2833 600 2896 humili
615 2834 653 2898 de
668 2834 755 2917 plebe
770 2848 916 2917 parentes,

145 2927 214 2990 Non
231 2928 311 3006 mihi,
328 2952 391 3013 quae
406 2929 471 2992 duri
485 2932 627 3008 colerent,
643 2946 737 3015 pater,
752 2953 821 2994 arva
831 2931 963 3016 juvenci,

115 3017 122 3028 ’
144 3024 345 3106 Lanigerosve
359 3048 473 3110 gregor,
489 3051 547 3090 non
563 3029 622 3092 ulla
636 3043 767 3093 armenta
781 3029 908 3112 reliquit.

144 3121 265 3203 Pauper
279 3135 309 3184 et
323 3123 386 3205 ipse
401 3122 470 3186 fuit:
494 3125 612 3208 linoque
627 3126 739 3188 solebat
753 3140 783 3188 et
793 3127 882 3188 hamo
938 3177 939 3180 η
1054 3129 1114 3188 tto

145 3216 305 3299 Decipere,
321 3231 351 3280 et
365 3219 479 3295 calerno
493 3221 629 3284 salientes
643 3222 750 3283 ducere
765 3222 871 3304 pisces.
917 3271 920 3280 ,

144 3313 203 3376 Ars
217 3314 258 3376 illi
272 3335 325 3376 sua
338 3335 443 3376 census
459 3330 531 3378 eret.
575 3315 656 3379 Clun
671 3318 797 3378 traderet
811 3329 923 3391 artem;
985 3371 991 3378 .
1062 3365 1065 3372 .

145 3417 165 3449 “
175 3408 301 3494 Accipe,
317 3432 388 3494 quas
403 3412 510 3488 babeo,
523 3412 610 3474 studii
625 3435 776 3474 successor
790 3426 820 3475 et
834 3411 957 3488 lraeres‚”

146 3505 242 3587 Dixit,
258 3515 277 3544 “
286 3528 358 3594 opes
368 3507 398 3570 :’'
421 3509 606 3594 moriensque
620 3509 691 3570 mibi
706 3493 778 3572 nibil
792 3510 842 3572 ille
857 3509 984 3596 reliquit,
