2608 4218
603 312 607 320 ⁵
641 127 798 294 illst!

407 431 410 440 .
498 393 565 447 nra.
584 395 631 446 1v.
663 363 800 448 aarum
822 397 854 448 x.

65 527 68 536 ¹
194 540 279 628 Sepe
294 557 378 628 pater
391 544 476 623 dixit,
491 545 629 610 Studium
644 546 715 630 quid
730 547 831 610 inutile
846 549 962 632 tentas?
990 543 1004 574 ²
1108 545 1115 559 '

194 673 213 704 ο
234 640 398 726 Maeonides
412 643 507 706 nullas
522 644 585 726 ipse
601 643 718 728 reliquit
732 665 816 728 opes.
933 643 937 648 ’
1030 723 1034 728 .

191 734 296 802 Motus
310 759 390 802 eram
405 739 506 803 dictis:
530 753 651 826 totoque
667 739 813 804 Helicone
828 741 940 820 relicto,

233 833 368 899 Scribere
382 838 612 916 conabarverba
626 835 720 902 soluta
734 838 840 902 modis.

191 931 305 1016 Sponte
319 935 374 996 suit
387 955 525 998 numeros
539 955 658 998 carmen
673 936 810 1000 veniebat
824 935 862 1000 ad
876 949 977 1021 aptos:

233 1028 286 1108 Et,
300 1031 379 1114 quod
395 1033 544 1098 tentabam
558 1031 668 1110 dicere,
681 1053 783 1096 versus
798 1048 870 1097 erat.

161 1165 173 1190 .
191 1124 318 1205 Interea,
334 1129 423 1191 tacito
436 1149 523 1212 passu
538 1129 702 1192 labentibus
717 1131 811 1208 anuis,

158 1267 179 1308 0
231 1222 367 1288 Liberior
379 1225 462 1294 fratri
472 1240 600 1310 sumpta,
615 1225 755 1310 mihique,
771 1241 840 1312 toga
855 1237 919 1292 est:

190 1319 381 1406 induiturque
396 1324 534 1386 humeros
548 1345 617 1386 cum
632 1319 692 1387 laio
707 1346 838 1409 purpura
852 1326 955 1389 clavo:

233 1415 277 1482 Er·
289 1418 418 1496 studium
432 1421 526 1497 nobis,
541 1421 619 1504 quod
634 1420 687 1483 suit
702 1421 780 1498 ante,
795 1437 907 1487 manet.

188 1513 318 1600 Jamque
333 1515 439 1578 decem
450 1516 516 1578 vite
530 1517 618 1590 frater
632 1518 832 1600 geminaverat
847 1541 949 1597 annos,

232 1612 314 1676 Cirrn
328 1613 422 1698 perit;
444 1627 475 1676 et
488 1615 568 1698 coepi
583 1629 665 1698 parte
680 1633 779 1677 carere
794 1616 863 1678 mei.

189 1707 336 1794 Cepimus
351 1724 381 1772 ot
395 1723 503 1773 tenere
518 1710 627 1794 primos
642 1710 732 1776 aeraris
746 1712 890 1790 honores;

166 1827 174 1840 ⁸
232 1805 320 1891 Eque
335 1807 402 1871 viris
418 1807 566 1891 quondam
580 1828 647 1891 pars
661 1807 752 1870 tribus
767 1829 826 1872 una
840 1807 892 1872 fui.

188 1903 281 1969 Curia
295 1904 440 1968 restabat:
463 1905 540 1969 olavi
554 1923 690 1968 mensura
704 1920 806 1969 coacta
821 1919 883 1970 est:

230 2000 329 2087 Majus
344 2015 406 2066 erat
420 2003 524 2066 nostris
540 2002 647 2066 viribus
662 1999 733 2066 illud
748 2023 833 2067 onus.

188 2097 255 2163 Neo
271 2100 383 2182 patiens
397 2119 515 2185 corpus,
530 2121 587 2163 nec
601 2119 686 2163 mens
701 2098 755 2163 suit
770 2115 839 2186 apta
852 2101 953 2179 labori,

206 2247 216 2258 .
230 2195 427 2280 solliciteque
441 2196 532 2279 fugax
547 2195 712 2259 ambitionis
726 2217 825 2261 eram:

188 2289 230 2356 Et
245 2307 346 2376 petere
361 2293 466 2356 Adniae
481 2292 644 2357 suadebant
657 2306 721 2355 tuta
734 2313 848 2366 sorores

228 2389 310 2468 Otia,
321 2389 434 2477 judicio
448 2411 567 2474 semper
580 2403 677 2453 amata
697 2411 776 2454 meo.

186 2487 344 2571 Temporis
359 2488 435 2553 illius
449 2488 527 2552 colui
542 2487 660 2573 levique
676 2491 798 2572 poetam

189 2629 191 2634 -
228 2583 373 2671 Quotque
388 2586 508 2649 aderant
523 2601 616 2664 vates,
632 2587 716 2649 rebar
730 2586 833 2650 adesse
848 2585 930 2650 deos.

186 2681 272 2766 Saepe
287 2704 354 2746 suas
370 2684 502 2746 volucres
516 2683 588 2766 legit
602 2683 674 2746 mihi
688 2683 909 2768 grandiorem,

227 2778 365 2863 Quaeque
381 2795 469 2843 necet
482 2801 615 2864 serpens,
631 2802 695 2863 quae
707 2781 792 2864 juvet
806 2781 909 2858 herba,
924 2778 1039 2843 Macer.

185 2875 274 2958 Saepe
288 2898 357 2939 suos
371 2877 473 2939 solitus
486 2877 608 2940 recitare
623 2875 796 2959 Propertius
810 2878 910 2960 ignes3
1106 2879 1157 2964 ,45

227 2970 301 3036 Jure
315 2973 450 3036 sodalitio
463 2975 513 3056 qui
527 2973 599 3036 mihi
610 2972 730 3058 junctus
744 2987 816 3036 erat.
1096 2967 1111 2982 ”

186 3071 329 3160 Ponticus
343 3072 457 3150 Heroo,
472 3071 587 3137 Bassus
602 3093 720 3158 quoque
734 3073 829 3136 clarus
843 3071 956 3152 limbo,

142 3170 145 3176 ’
227 3169 337 3236 Dulcia
350 3171 503 3235 convietirs
518 3171 649 3234 membra
664 3169 746 3234 fuere
760 3171 828 3234 mei.

186 3265 228 3332 Et
241 3269 334 3333 tenuit
349 3281 462 3332 nostras
474 3289 649 3332 numerosus
664 3266 804 3331 Horatius
819 3288 920 3345 aures;

227 3365 311 3430 Dum
326 3365 391 3430 serit
406 3365 540 3429 Ausonii
554 3367 682 3429 carmina
696 3367 776 3429 culta
789 3365 864 3449 lyri.
1115 3367 1157 3428 50

187 3460 343 3546 Virgilium
359 3464 419 3528 vidi
432 3463 564 3528 tantum:
588 3485 643 3528 neo
658 3483 755 3528 amara
769 3463 891 3528 'libullo

178 3539 182 3546 Ἢ
227 3559 363 3646 Tempus
378 3561 510 3627 amicitie
525 3560 589 3638 sata¹
599 3561 708 3625 dedere
722 3577 807 3625 mee.

487 3660 527 3723 16
