2608 4218
575 324 706 428 arnna
730 364 776 418 m.
822 397 824 400 .

248 509 313 588 Ille,
328 533 449 595 perosus
464 512 650 596 opes,silvas
664 526 695 574 et
708 511 915 596 ruracolebat,

204 607 347 692 Panaque
362 611 507 676 montanis
522 609 702 681 habitantem
716 609 833 692 semper
847 608 875 670 in
891 608 1002 694 antris..
1036 685 1039 690 ,
1055 679 1057 686 Α
1094 618 1107 658 V

204 703 321 787 Pingue
335 707 389 768 sed
403 706 551 787 ingenium
566 706 687 768 mansit:
711 705 910 788 nocituraque,
925 703 1056 788 utente,
1084 775 1085 780 η
1133 705 1176 768 60

204 799 320 863 Rursus
334 802 550 866 erantdomino
563 802 680 868 stolidae
695 801 854 884 praec'ordia
867 801 983 864 mentis.

204 895 295 974 Nam,
312 898 385 960 freta
400 898 591 983 prospiciens,
606 898 665 960 late
680 899 754 978 riget
768 898 874 959 arduus
890 897 949 959 alto

204 993 329 1058 Tmolus
343 996 372 1056 in
387 995 541 1075 adscensu,
555 993 690 1078 clivoque
706 1008 844 1066 extentus
859 1008 993 1078 utroque,
1079 985 1085 992 ¹

205 1090 343 1152 Sardibus
358 1092 437 1168 hinc,
452 1090 531 1153 illinc
545 1091 641 1172 parvis
656 1091 753 1152 linitur
766 1089 923 1174 Hypaepis.
981 1153 984 1158 .

204 1186 269 1248 Pan
284 1187 321 1251 ibi
336 1189 407 1250 dum
421 1187 528 1250 teneris
538 1187 632 1271 jactat
645 1209 698 1248 sua
711 1175 838 1260 carmine
854 1186 1004 1270 nymphis,

203 1283 246 1346 Et
260 1284 327 1345 leve
342 1285 441 1352 cerati
455 1284 621 1346 modulatur
635 1285 776 1346 arundine
789 1303 924 1359 carmem
984 1351 986 1356 ¹

169 1375 171 1380 ’
203 1377 303 1440 Ausus
319 1379 492 1460 Apollineos
507 1399 566 1460 pra
580 1399 612 1439 se
625 1392 816 1445 contemnere
831 1391 944 1455 cantus,

202 1475 309 1538 Judice
324 1476 378 1536 sub
392 1474 502 1539 Tmolo
516 1487 665 1536 certamen
681 1474 760 1537 veuit
775 1475 812 1537 ad
826 1473 930 1558 impar.
986 1517 988 1522 ·

245 1570 351 1635 Monte
366 1585 419 1632 suo
433 1564 529 1632 senior
539 1570 635 1653 judex
648 1572 799 1647 consedit;
822 1584 851 1632 et
866 1592 950 1635 aures
1053 1617 1055 1622 -

202 1666 325 1729 Liberat
338 1667 497 1728 arboribus.
540 1665 666 1738 Quercu
683 1687 770 1727 coma
784 1667 889 1729 caerula
902 1661 1017 1736 tantum

202 1767 357 1854 Cingitur;
380 1782 410 1829 et
425 1767 556 1850 pendent
570 1765 680 1830 circum
694 1788 768 1828 caua
782 1780 915 1850 tempora
928 1767 1061 1850 glandes.

201 1865 288 1949 Isque
304 1857 392 1927 deum
407 1865 521 1948 pecoris
533 1877 679 1948 spectans,
703 1871 712 1900 ‘
721 1863 888 1949 Inwjudicess
904 1865 989 1942 dixit,

201 1962 311 2024 ‘Nulla
324 1983 405 2024 mora
420 1961 486 2022 est.'
531 1959 663 2026 Calamis
677 1961 836 2041 agrestibus
851 1962 965 2024 insonat
978 1963 1044 2024 ille:

200 2058 417 2141 Barbaricoque
431 2055 535 2120 Midan
553 2055 668 2143 (aderat
682 2073 749 2119 nam
766 2057 839 2120 sorte
854 2059 986 2146 canenti)

200 2154 340 2218 Carmine
355 2152 466 2216 delinit.
511 2151 671 2226 Posthunc
685 2175 771 2216 sacer
785 2175 835 2216 ora
850 2155 969 2218 retorsit'

199 2252 324 2315 Tmolus
339 2251 376 2312 ad
390 2273 423 2312 os
437 2249 564 2312 Phoebi:
585 2250 701 2312 'vultum
716 2271 769 2311 sua
783 2251 856 2312 silva
870 2265 971 2314 secuta
986 2266 1040 2328 est.

198 2347 253 2411 Ille
267 2360 357 2431 caput
372 2347 481 2410 flavum
492 2347 574 2410 lauro
587 2344 763 2410 Parnasside
779 2346 893 2410 vinctus

199 2446 297 2509 Verrit
311 2446 433 2508 humum
449 2443 545 2526 Tyrio
559 2443 688 2506 saturati
701 2444 813 2506 murice
827 2444 923 2528 pallei:

197 2539 428 2625 instructamque
443 2541 531 2602 fidem
547 2537 675 2622 gemmis
686 2553 717 2604 et
732 2541 869 2604 dentibus
883 2541 964 2604 Indis

197 2640 328 2702 Sustinet
344 2661 360 2700 a
374 2638 464 2701 levir:
487 2639 699 2712 tenuit'manus
714 2639 804 2702 altera
820 2640 975 2722 plectrum.

195 2737 322 2799 Artificis
337 2749 428 2798 status
443 2736 506 2818 ipse
522 2735 584 2799 luit.
629 2735 711 2798 Turn
726 2736 850 2802 stamina
865 2737 953 2800 docto
996 2771 1000 2776 ·

195 2833 308 2896 Pollice
324 2831 473 2894 sollicitat:
498 2853 621 2914 quorum
636 2831 911 2916 dulcedinecaptus

195 2927 279 2992 Pana
289 2927 375 3012 jubet
387 2923 514 2991 Tmolus
528 2927 646 2988 citharae
660 2927 832 2990 submittere
846 2949 966 2990 cannas.

234 3024 387 3088 Judicium
401 3024 551 3106 sanctique
566 3023 665 3107 placet
679 3024 824 3087 sententia
838 3025 943 3088 montis

159 3131 164 3138 '
193 3123 351 3186 Omnibus.
377 3179 381 3186 .
396 3120 539 3203 Arguitur
554 3131 663 3197 tamen,
679 3133 767 3205 atque
782 3120 888 3206 injusta
903 3136 1025 3186 vocatur

192 3220 288 3284 Unius
302 3240 437 3282 sermone
453 3217 555 3281 Midae.
600 3217 667 3283 Nec
683 3217 789 3282 Delius
804 3239 890 3281 aures

193 3316 361 3380 Humanam
376 3317 495 3380 stolidas
510 3316 619 3401 patitur
631 3315 758 3380 retinere
769 3317 908 3398 figuram;
998 3319 1004 3332 “

193 3413 254 3476 Sed
269 3414 353 3476 trahit
367 3414 395 3476 in
411 3414 549 3498 spatium,
566 3412 700 3496 villisque
716 3413 879 3476 albentibus
894 3413 1019 3496 implet3

192 3507 402 3594 instabilesque
417 3513 476 3574 imo
491 3510 580 3588 lacit3
603 3523 633 3574 et
648 3511 800 3592 dat,posse
816 3511 938 3586 moveri,
