2608 4218
486 360 488 364 ’
522 329 636 431 'annu
658 373 736 428 mn,
1056 368 1123 432 x119

152 515 241 587 Mssle
256 538 338 608 patet
350 523 455 608 plagis,
471 520 788 604 novusest'successor
801 521 963 598 habendus.

197 619 348 703 Denique,
364 621 432 704 quid
450 623 544 702 verbis
559 643 634 705 opus
650 623 715 685 esti?
738 634 904 703 spectemur
918 609 1054 701 agendo:

152 713 248 777 Arma
263 716 316 778 viri
331 716 411 778 sortis
425 703 538 789 medios¹
554 718 704 782 mittantur
718 717 747 778 in
762 718 879 793 hostes;
1032 703 1036 710 ¹
1061 719 1118 782 121

152 806 228 872 Inde
239 811 342 895 jubete
357 813 439 895 peti:
456 828 492 894 ,et
503 813 682 876 referentem
696 827 797 874 ornate
813 801 930 877 relatis?

197 905 329 970 Finierat
343 907 508 972 Telamone
523 923 601 972 satus
614 933 622 986 3
646 911 782 993 vulgique
798 896 931 980 secutum

151 996 269 1064 Ultima
282 999 412 1074 murmur
425 1019 504 1067 erat:
527 1006 623 1068 donec
637 1005 773 1076 Laertius
787 1005 874 1067 heros
911 1023 913 1026 ·

152 1097 295 1161 Adstitit:
317 1114 404 1182 atque
416 1102 519 1164 'oculos
534 1103 654 1184 paulum
671 1103 774 1164 tellure
788 1115 916 1164 moratos
1061 1103 1121 1162 125

152 1193 279 1258 Sustulit
293 1197 330 1258 ad
345 1217 481 1280 proceres
493 1221 501 1274 ;
524 1182 889 1285 exspectatoque-resolvit

151 1290 218 1353 Ora
231 1313 322 1354 sono:
345 1316 441 1378 neque
455 1297 539 1358 abest
553 1295 683 1356 facundis
698 1295 789 1385 gratia
804 1294 913 1372 dictis„

186 1396 206 1448 .‘
219 1387 251 1450 Si
266 1409 333 1462 mea
347 1411 414 1452 oum
430 1392 532 1452 vestris
547 1391 705 1458 valuissent
720 1404 798 1466 vota,
814 1377 943 1470 Pelasgi,

151 1465 182 1532 N
185 1495 224 1534 on
240 1472 312 1535 foret
328 1474 480 1566 ambiguus
495 1476 564 1536 tanti
579 1473 746 1538 certaminis
761 1475 872 1535 haeres:

151 1565 264 1651 Tuque
280 1569 337 1630 tuis
352 1563 448 1644 aunis,
463 1592 515 1632 nos
530 1584 559 1632 te
578 1584 756 1652 poteremur,
771 1569 898 1631 Achille.
1039 1567 1122 1630 ·130
1188 1573 1190 1580 ’

151 1661 259 1736 Quem
274 1665 411 1750 quoniam
425 1687 484 1726 non
499 1687 582 1749 aqua
595 1667 667 1727 mihi
682 1665 824 1747 vobisque
837 1663 982 1746 negtirunt

151 1757 181 1820 F
182 1773 231 1822 ata
244 1761 263 1836 ;'
289 1760 452 1846 (manuque
467 1762 552 1823 simul
568 1762 657 1824 veluti
672 1761 862 1844 lacrymantia
876 1760 958 1822 tersit

152 1855 298 1942 Lumina)
317 1857 402 1940 ‘quis
416 1879 523 1940 magno
537 1857 641 1920 melius
655 1858 795 1919 succedat
810 1847 930 1932 Achilli,

152 1947 257 2025 Quam
273 1974 327 2036 per
341 1975 429 2038 qpem
444 1975 566 2036 magnus
581 1953 694 2015 Danais
703 1953 856 2026 successit
865 1953 1016 2014 Achilles?

196 2049 277 2112 Huic
291 2050 381 2112 modo
396 2072 434 2112 ne
453 2051 553 2133 prosit,
569 2050 659 2133 quod,
675 2064 707 2112 ut
722 2063 777 2126 est,
794 2050 884 2112 hebes
908 2070 973 2110 esse
990 2047 1119 2122 videtur:

152 2144 242 2208 Neve
257 2147 328 2209 mihi
343 2161 457 2222 noceat,
474 2147 552 2230 quod
568 2135 650 2208 vobis
665 2168 793 2229 semper,
810 2145 930 2222 Achivi,
1062 2145 1122 2206 136

152 2241 269 2305 Profuit
280 2243 447 2323 ingenium:
469 2263 595 2325 meaque
611 2243 673 2304 haec
688 2241 833 2317 facundia,
848 2241 872 2302 si
887 2255 1015 2323 quaest,

153 2338 232 2412 Qnae
248 2360 325 2414 nunc
336 2361 389 2421 pro
404 2331 533 2414 domino,
550 2360 602 2421 pro
617 2339 700 2403 vobis
714 2358 792 2420 sape
806 2338 904 2399 locuta
918 2350 973 2412 est,
1047 2405 1049 2408 ,

152 2433 269 2497 Invidia
282 2448 398 2496 careat:
422 2435 499 2496 hona
513 2457 569 2496 nec
584 2455 637 2496 sua
652 2435 775 2518 quisque
789 2447 916 2495 recuset.

153 2530 233 2594 Nam
249 2554 351 2612 genus,
368 2545 398 2593 et
409 2526 542 2615 proavoS,
558 2547 588 2593 et
603 2555 666 2615 quae
682 2552 740 2593 non
756 2529 878 2608 lecimus
892 2528 959 2612 ipsi,
1063 2530 1124 2591 140

154 2627 217 2689 Vix
233 2650 270 2689 ea
283 2623 379 2690 nostra
395 2651 480 2690 voco.
525 2629 586 2692 Sed
602 2629 691 2704 enim,
708 2629 776 2711 quia
789 2626 889 2690 retulit
904 2626 984 2710 Ajax

154 2723 230 2787 Esse
246 2725 329 2786 lovis
343 2747 501 2808 pronepoS,
512 2727 600 2787 nostri
617 2746 734 2810 quoque
750 2725 898 2805 sanguinis
913 2735 1014 2784 auctor

152 2821 272 2906 Jupiter
286 2834 349 2884 est:
372 2823 553 2904 totidemque
569 2823 675 2903 gradus
691 2823 831 2882 distamus
841 2813 879 2882 ab
894 2819 954 2880 illo.

153 2915 234 2981 Nam
250 2917 321 2979 mihi
337 2917 460 2980 Laertes
475 2931 558 2999 pater
572 2932 627 2992 est,
643 2917 782 2979 Arcesius
798 2917 848 2992 illi,

152 3014 273 3100 Jupiter
287 3013 375 3075 huic:
399 3034 496 3096 neque
512 3013 540 3073 in
555 3015 599 3074 his
615 3013 767 3096 quisquam
783 3013 935 3075 damnatus
950 3023 981 3074 et
995 3010 1091 3074 exsul.

155 3112 211 3175 Est
227 3133 344 3196 quoque
359 3132 413 3195 per
428 3123 550 3172 matrem
567 3109 722 3194 Cyllenius
737 3109 836 3171 addita
850 3109 940 3182 nobis
1063 3109 1124 3172 146

155 3211 259 3272 Altera
274 3207 427 3272 nobilitas:
456 3208 529 3268 deus
544 3221 589 3269 est
604 3208 632 3270 in
647 3220 771 3290 utroque
787 3219 920 3289 parente.

135 3355 141 3369 .
155 3306 216 3368 Sed
232 3311 328 3388 neque
342 3320 475 3368 materno
490 3305 571 3388 quod
586 3326 650 3366 sum
666 3304 833 3386 generosior
847 3317 923 3381 ortu,

156 3399 223 3464 Nec
237 3403 307 3464 mihi
323 3402 401 3486 quod
417 3418 501 3486 pater
514 3416 559 3464 est
575 3401 688 3464 fraterni
705 3403 852 3484 sanguinis
867 3401 976 3476 iusouS,

157 3499 312 3582 Proposita
326 3522 405 3562 arma
420 3515 507 3584 peto:
531 3502 639 3562 meritis
655 3501 816 3583 expendite
831 3519 961 3562 causam.
1067 3495 1128 3554 150
