2608 4218
172 353 233 416 126
478 357 823 412 narauonrflosnou

168 511 215 576 lre
230 533 283 595 per
296 511 447 590 excubias,
462 524 538 574 etse
553 510 737 574 oommittere
751 509 850 572 noeti?

98 635 102 642 ¹
168 607 286 692 Perque
302 607 376 672 seros
390 629 486 685 enses,
501 630 559 670 non
575 607 687 671 tantiam
703 606 812 668 moenia
826 603 951 682 Troum,

169 704 282 768 Verum
295 707 384 768 etiarn
399 724 527 778 summas
542 726 624 768 arces
639 705 753 780 intrare,
768 703 879 786 suaque

168 803 290 886 Eripere
306 805 367 872 aede
378 804 480 880 deam,
495 817 666 886 raptamque
681 791 784 872 efferre'
799 822 852 883 per
865 801 984 882 hostes?
1068 801 1131 863 ,845

167 899 244 973 Quae
259 901 313 965 nisi
324 901 470 979 fecissem,
484 900 587 963 frustra
600 898 765 963 Telamone
779 911 893 960 creatus

69 1027 70 1032 1
167 996 319 1060 Gestdsset
334 998 408 1082 laeyi
418 1013 565 1078 taurorum
579 1011 693 1078 tergora
708 989 853 1078 septem*
908 1073 910 1080 γ

165 1093 221 1156 Ille
235 1110 321 1157 noete
336 1095 407 1158 mihi
422 1093 519 1180 Troje
535 1093 653 1157 victoria
667 1107 750 1175 parta
764 1107 825 1156 est:

166 1190 312 1273 Pergama
327 1179 389 1254 tuin
405 1191 471 1268 viei,
485 1191 555 1253 edm
569 1190 645 1254 vinci
659 1210 748 1274 posse
758 1189 855 1272 coegi.

208 1288 321 1351 Desine
334 1288 474 1372 Tydiden
490 1289 630 1371 vultuque
645 1301 674 1349 et
689 1307 836 1352 murmure
858 1285 941 1372 nobis
979 1287 982 1294 ’
1050 1367 1052 1371 Ι
1068 1287 1130 1348 350

165 1383 322 1465 Ostentare
336 1408 453 1448 meum:
476 1406 542 1470 pars
558 1399 602 1447 est
616 1406 669 1448 sua
682 1384 775 1448 laudis
790 1384 819 1446 in
834 1383 900 1445 illis.
1086 1392 1089 1397 '

165 1481 232 1546 Nee
246 1497 292 1561 tu,
303 1484 371 1547 erim
386 1481 466 1546 socii
478 1483 619 1566 clypeum
634 1504 687 1566 pro
701 1482 793 1544 classe
809 1480 939 1556 tenebas,

165 1580 252 1644 Solus
267 1603 346 1645 eras:
370 1581 421 1644 tibi
436 1581 520 1645 turba
534 1601 645 1658 comes,
659 1579 731 1642 mihi
745 1575 965 1660 contigit‘unus.
1052 1588 1054 1596 ’

164 1677 239 1756 Qui,
253 1680 307 1742 nisi
321 1701 487 1764 pugnacem
502 1678 588 1746 sciret
601 1675 734 1762 sapiente
748 1676 890 1738 minorem

164 1773 251 1852 Esse,
265 1797 320 1838 uec
335 1777 481 1838 indomite
497 1775 596 1839 deberi
610 1775 728 1858 premia
743 1773 863 1852 dextrae,
972 1843 973 1850 ἵ
1066 1773 1127 1835 355

164 1869 231 1954 lpse
248 1893 364 1956 quoque
379 1874 441 1934 haeo
456 1887 587 1956 peteret:
611 1886 725 1955 peteret
739 1870 917 1932 moderatior,
928 1867 1019 1953 Ajax,
1059 1923 1063 1927 .

163 1967 392 2053 Eurypylusque
407 1967 500 2046 serox,
516 1967 652 2050 claroque
668 1967 859 2031 Andremone
873 1979 975 2028 uatus:

162 2063 229 2128 Nec
244 2065 338 2128 minias
353 2065 539 2141 Idomeneus,
554 2063 704 2147 patriaque
718 2075 833 2125 creatus
852 2047 958 2124 eidem

162 2162 328 2228 Meriones:
352 2177 465 2248 peteret
478 2159 593 2247 majoris
608 2159 695 2224 irater
706 2159 829 2222 Atride.

162 2259 286 2344 Quippe
301 2283 389 2323 manu
404 2259 493 2324 sortes
510 2257 580 2348 (nec
594 2273 662 2322 sunt
676 2259 728 2327 tibi
742 2255 839 2320 Marte
862 2255 999 2342 secundi)
1064 2259 1126 2323 360

162 2358 299 2424 Consiliis
313 2360 429 2422 cessere
443 2357 527 2422 meis.
572 2355 642 2422 'libi
658 2357 780 2419 dextera
793 2356 873 2417 bello

161 2455 267 2532 Utilis3
289 2456 436 2537 ingenium
452 2469 507 2532 est,
523 2454 601 2538 quod
617 2467 685 2534 eget
700 2452 898 2517 moderamine
913 2452 1012 2514 nostri.

160 2539 210 2615 Tu
227 2552 378 2615 vires-siue
392 2565 491 2615 mente
506 2551 598 2632 geris:
621 2549 692 2610 mihi
706 2569 775 2611 cura
790 2546 876 2610 saturi
892 2561 945 2610 est.
1023 2629 1025 2634 ,

159 2649 209 2711 Tu
225 2669 353 2732 pugnare
369 2660 470 2731 potes:
493 2646 642 2730 pugnandi
655 2659 789 2727 tempora
802 2667 921 2707 mecum

160 2743 251 2826 Eligit
265 2743 404 2806 Atrides:
427 2755 459 2804 tu
475 2741 587 2805 tautiun
601 2763 723 2826 corpore
738 2739 862 2825 prodes3
990 2779 993 2784 ·
1061 2743 1125 2804 365

160 2840 223 2903 Nos
239 2829 352 2903 animo:
376 2855 542 2926 quantoque
558 2851 651 2902 ratem
667 2839 715 2923 qui
730 2853 884 2924 temperat,
900 2839 989 2901 anteit

159 2937 293 3020 Remigis
307 2938 455 3016 officium3
478 2952 587 3023 quanto
602 2937 663 2998 dux
678 2937 768 2999 milite
783 2935 875 3022 major
883 2958 892 3013 3

159 3035 258 3098 Tanto
273 3056 328 3116 ego
343 3051 372 3099 te
387 3059 505 3121 supero.
550 3034 616 3098 Nec
631 3057 689 3098 non
705 3035 734 3098 in
749 3057 871 3118 corpore
886 3047 983 3104 nostro

159 3131 286 3195 Pectora
300 3147 367 3197 sunt
382 3134 494 3217 potiora
508 3155 614 3196 manu:
638 3133 720 3214 vigor
732 3126 826 3196 omnis
841 3133 870 3195 in
889 3132 954 3195 illis.

201 3231 245 3292 At
260 3253 322 3307 vos,
337 3253 356 3292 ο
370 3253 516 3314 proceres,
532 3231 610 3311 vigili
625 3229 693 3292 date
708 3231 826 3313 premia
840 3243 954 3307 vestro;
1061 3229 1125 3294 370

159 3327 278 3412 Proque
294 3341 337 3389 tot
352 3349 493 3393 annorum
508 3325 589 3401 curia,
605 3348 677 3408 quos
693 3327 797 3388 anxius
812 3325 869 3406 egi,

155 3423 249 3489 Hune
264 3424 378 3487 titulum
393 3423 502 3487 meritis
517 3421 699 3504 pensandum
713 3421 824 3484 reddite
840 3423 954 3485 nostris.

158 3520 227 3583 Jam
241 3521 322 3584 labor
336 3520 363 3582 in
379 3519 436 3581 fine
451 3531 513 3586 est:
537 3517 681 3580 obstantia
696 3517 753 3582 sata
767 3518 896 3582 removi:
