2608 4218
160 377 222 438 120
465 379 811 434 Moramoaraostron
916 380 921 389 ‘

156 531 329 614 Dummodo
343 533 423 616 qubd
437 531 538 595 fratres
552 532 699 595 Telamon
714 531 883 614 Peleusque
899 529 1026 610 firerunt,

156 630 258 714 Ajacis
273 631 408 692 meritum
423 631 551 692 nonsit:
576 651 632 691 neo
647 631 794 710 sanguinis
808 629 890 705 ordo,
913 659 920 672 ι
968 703 970 707 ,

156 727 217 789 Sed
232 727 345 789 virtutis
360 728 453 788 honos
468 727 568 808 spoliis
584 737 728 808 queratur
742 725 771 787 in
787 725 858 787 istis.

156 823 219 885 Aut
233 823 256 885 si
273 823 444 905 proximitas
459 823 628 905 primusque
643 821 797 903 requiritur
811 819 920 897 herem

155 917 211 981 Est
225 919 340 1000 genitor
355 919 536 994 Peleus,·est
551 917 683 1000 Pyrrhus
697 918 772 980 lilius
788 916 838 980 ilfi.
1066 918 1130 980 155

155 1013 233 1088 Quis
248 1015 331 1077 locus
345 1015 453 1098 Aiaci?
477 1013 617 1076 Phthiam
633 1013 788 1095 Scyronve
803 1012 941 1076 ferantur.
1034 1021 1037 1024 ’

155 1109 222 1174 Nec
238 1111 333 1173 minus
348 1125 393 1197 est
407 1112 463 1176 isto
477 1109 597 1171 Teucer
611 1109 885 1192 patruelis'Achillr.
1047 1187 1050 1193 μ

155 1205 237 1270 Num
253 1208 327 1290 petit
341 1209 391 1270 ille
404 1222 504 1270 tamen
514 1209 525 1268 l
534 1218 539 1225 ’
548 1228 619 1267 num
634 1209 742 1289 sperat,
758 1221 790 1268 ut
805 1206 917 1269 auferat
931 1207 1030 1280 arma?

198 1303 279 1386 Engo
294 1325 419 1386 operum
435 1303 573 1388 quoniam
588 1303 699 1364 nudum
715 1317 864 1368 certamen
880 1303 1033 1379 babetur,
1096 1307 1107 1332 '¹

156 1399 246 1462 Plura
261 1400 379 1483 quidem
394 1398 460 1475 soci,
476 1401 565 1484 quim
580 1421 644 1482 quae
660 1400 872 1484 comprendere
887 1397 971 1463 (lictis
1039 1428 1047 1433 ·
1065 1401 1130 1462 160

155 1494 190 1557 In
206 1510 342 1580 promptu
358 1495 429 1558 mihi
444 1496 496 1558 sit:
511 1517 616 1576 rerum
632 1509 731 1557 tamen
746 1496 848 1578 ordine
864 1496 963 1558 ducar.

156 1591 283 1656 Praescia
298 1592 412 1678 venturi
427 1593 553 1674 genitrix
568 1591 680 1653 Nereia
693 1593 745 1654 leti

156 1688 329 1752 Dissimulet
342 1689 424 1751 cultu
439 1703 551 1756 natum.
598 1685 769 1771 Deceperat
783 1709 898 1764 omues,

155 1783 190 1846 ln
207 1785 311 1867 quibus
326 1785 463 1868 Ajacem,
478 1800 602 1867 sumptae
614 1784 729 1848 fallacia
744 1786 843 1847 vestis.

157 1880 250 1942 Arma
265 1901 320 1961 ego
336 1880 492 1956 foemineis,
508 1882 637 1941 animum
652 1895 766 1942 motura
782 1881 904 1955 virilem,
1066 1883 1130 1945 165

155 1973 306 2037 Mercibus
320 1975 437 2036 inserui.
482 1974 591 2058 Neque
607 1975 704 2050 adhuc
719 1976 882 2061 projecerat
897 1977 984 2039 heros

157 2071 312 2153 Virgineus
327 2072 453 2148 habitus,
468 2073 538 2134 clim
550 2092 682 2154 parmam
697 2072 870 2155 hastamque
885 2075 1009 2151 tenenti,
1044 2106 1047 2109 ·

157 2176 176 2205 “
186 2165 264 2232 Nate
280 2168 372 2250 dea’?
386 2169 456 2245 dixi,
473 2160 554 2232 “tibi
568 2190 600 2230 se
616 2169 908 2251 peritura'reservaut
933 2163 938 2168 ”

156 2265 312 2348 Pergama.
359 2264 444 2348 Quid
459 2266 573 2328 dubitas
589 2267 738 2347 ingentem
754 2281 886 2331 evertere
901 2265 1023 2352 Trojam
1033 2267 1065 2330 ?”
1090 2299 1094 2302 >

156 2361 309 2446 Injecique
325 2385 456 2438 manum,
473 2351 639 2446 sortemque
655 2364 692 2424 ad
707 2363 790 2425 fortia
805 2363 880 2427 misi.
1068 2367 1131 2427 170

157 2459 239 2542 Ergo
253 2480 344 2541 opera
358 2459 434 2521 illius
449 2467 516 2519 mea
530 2473 607 2520 sunt.
653 2457 720 2539 Ego
735 2455 892 2542 Telephon
910 2460 995 2522 bastin

157 2555 344 2636 Pugnantem
362 2554 480 2616 domui:
504 2555 614 2614 victum
630 2568 821 2638 orantemque
836 2556 937 2618 refeci.

200 2651 294 2725 Quod
308 2649 422 2712 Theba
437 2649 584 2725 cecidere,
600 2671 701 2712 meum
716 2665 778 2729 est3
808 2673 857 2714 me
872 2653 982 2716 credite
997 2651 1130 2730 Lesbon,

105 2811 107 2818 ,
156 2747 210 2810 Me
224 2747 383 2823 Tenedon,
399 2744 609 2828 Chrysenque,
625 2761 655 2808 et
670 2745 792 2830 Cyllan,
810 2749 954 2832 Apollinis
968 2751 1065 2827 urbes,

157 2845 200 2908 Et
214 2844 311 2928 Syron
326 2845 457 2926 cepisse:
481 2842 551 2906 merl
564 2865 708 2906 concussa
721 2859 823 2927 putate
1069 2849 1130 2909 175

157 2941 352 3002 Procubuisse
368 2942 430 3004 solo
445 2940 591 3024 Lyrnesia
606 2941 716 3004 moenie
730 2941 846 3004 dextri.

156 3037 258 3120 thue
273 3037 343 3100 alias
358 3052 492 3114 taceam;
516 3039 565 3122 qui
579 3061 690 3105 saevum
705 3038 828 3122 perdere
846 3053 944 3123 posset
1000 3107 1004 3112 ,
1092 3034 1096 3036 ’

157 3132 297 3211 Hectora,
311 3155 419 3218 nempe
435 3135 519 3197 dedi:
542 3157 597 3218 per
611 3159 659 3199 me
671 3136 752 3222 jacet
766 3138 893 3220 inclytus
909 3134 1033 3199 Hector.

156 3230 216 3292 Illis
231 3232 293 3293 haeo
308 3233 405 3308 armis,
421 3232 525 3315 quibus
541 3245 585 3293 est
601 3233 736 3296 inventus
752 3233 896 3309 Achilles,

158 3328 250 3390 Arma
266 3342 352 3411 peto:
378 3328 445 3389 vivo
461 3329 611 3404 dederam,
627 3343 694 3412 post
709 3329 766 3391 sata
781 3351 905 3412 reposco
1069 3331 1131 3393 180
1164 3339 1168 3354 ¹

200 3425 243 3487 Ut
259 3426 341 3487 dolor
355 3425 440 3486 unius
456 3423 577 3485 Danaos
593 3426 726 3506 pervenit
741 3426 907 3512 admones,

65 3571 69 3588 t
158 3510 328 3606 Aulidaque
344 3521 511 3584 Euboicam
526 3514 807 3604 complerunt'mille
822 3523 945 3601 carinae3
