2604 4216
153 367 195 450 'tl
472 373 819 440 unrnuoneaosnon

152 521 217 600 llle,
231 537 264 586 ut
278 536 340 586 erat
353 545 478 608 pronus,
488 545 541 608 per
554 525 630 590 colla
645 525 769 592 admisso
779 523 923 608 jubasque

153 619 306 696 Volvitur;
328 635 358 683 et
372 622 466 696 calido
481 623 615 684 tellurem
630 623 769 703 sanguine
783 623 885 689 soedat.

151 716 321 787 Phaedimus
335 717 446 795 infelix,
461 732 492 781 et
507 719 575 786 antri
590 719 714 782 nominis
730 719 821 784 hares
838 793 840 796 ¹
937 749 938 752 ¹

149 812 304 892 Tantalus,
319 828 352 877 ut
366 815 552 878 solitofinem
568 816 733 899 imposuere
749 816 850 892 labori,

150 909 340 974 'lhansierant
354 913 392 975 ad
406 935 481 998 opus
496 914 591 976 nitida
602 913 734 997 juvenile
750 913 904 996 palaestra:
979 913 981 920 '
1044 977 1048 984 ,
1298 983 1299 992 χ

151 1007 193 1072 Et
202 1007 265 1094 jam
279 1011 462 1073 contulerant
475 1007 712 1088 arctoluetantia
724 1031 805 1072 nexu
840 1056 849 1062 „
1076 1011 1133 1075 95.

150 1105 278 1168 Pectora
291 1097 475 1190 pectoribus3
497 1107 565 1178 otim
580 1119 661 1168 tento
675 1108 790 1168 concita
805 1128 917 1184 cornu,

151 1200 234 1266 Siout
249 1218 331 1267 orant
341 1204 447 1288 juncti,
461 1203 574 1288 trajecit
588 1218 744 1288 utrumque
759 1195 874 1288 sagitta.
919 1260 921 1270 ,
943 1241 946 1248 ·

86 1364 91 1375 ,
150 1299 326 1384 Ingemuere
341 1303 444 1380 simul;
466 1302 552 1378 simul
566 1302 716 1382 incurvata
731 1300 832 1367 dolore

149 1396 286 1461 Membra
301 1400 363 1461 solo
377 1400 521 1485 posuere3
544 1387 781 1482 simulsuprema
791 1398 927 1482 jacentes
973 1397 988 1454 ῥ’
1137 1478 1141 1485 Ι

149 1493 278 1560 Lumina
291 1495 461 1572 versatum
483 1496 608 1564 animam
624 1495 710 1582 simul
725 1496 911 1562 exhalabunt.
952 1565 955 1568 ,
1018 1551 1021 1562 1
1058 1497 1129 1558 100

150 1592 289 1678 Adspicit
303 1593 469 1678 Alphenor,
483 1592 648 1677 laniataque
664 1607 784 1676 pectora
798 1593 940 1676 plangens
1017 1579 1020 1589 ¹

150 1688 292 1777 Advolat,
308 1705 341 1754 ut
355 1691 466 1773 gelidos
481 1691 684 1774 complexibus
700 1691 807 1752 allevet
822 1703 921 1776 artusz-
955 1718 964 1738 ·
1012 1747 1014 1752 Α

150 1785 288 1870 Inque
259 1809 309 1870 pro
323 1788 401 1856 cadit
415 1784 529 1851 officio:
553 1809 622 1851 narn
637 1787 743 1852 Delius
757 1787 798 1852 illi

149 1882 256 1946 lntima
271 1881 383 1946 fatifero
397 1885 505 1966 rumpit
519 1885 677 1968 praecordia
691 1882 778 1946 ferro
877 1903 878 1908 ’

146 1977 244 2054 Quod
259 1981 345 2042 simul
360 1979 510 2055 eductum,
525 2001 591 2062 pars
607 1993 651 2042 est
665 1979 835 2062 pulmonis
827 2001 856 2042 rn
875 1979 969 2042 barnis
1057 1981 1119 2055 105

150 2076 259 2140 Eruta:
282 2096 410 2160 cumque
425 2074 526 2138 anima
536 2097 621 2154 cruor
635 2089 681 2138 est
695 2076 827 2138 effirsus
819 2099 849 2152 tn
860 2097 955 2139 auras.
1043 2083 1045 2087 '

150 2175 193 2236 At
208 2196 266 2237 non
281 2175 427 2236 intonsum
442 2174 568 2258 simplex
583 2173 836 2238 Damasichthona
850 2173 955 2236 vulnus

150 2271 265 2335 Affioit
310 2271 389 2334 Ictus
404 2287 476 2348 erat,
492 2272 551 2355 quia
565 2293 632 2334 crus
646 2293 710 2356 esse
725 2271 837 2355 incipit,
853 2263 882 2334 et
897 2293 957 2357 qua

45 2374 47 2378 ”
150 2369 256 2434 Mollia
269 2390 408 2432 nervosus
423 2369 491 2434 facit
506 2349 668 2435 internodia
681 2369 817 2453 poples.
873 2374 903 2442 j
1027 2434 1029 2443 ,

150 2465 292 2552 Dumque
307 2489 395 2528 manu
409 2480 503 2528 tentat
518 2466 632 2549 trabere
647 2465 795 2528 exitiabile
810 2465 913 2542 telum,
1059 2468 1119 2529 110

150 2565 255 2628 Altera
269 2585 322 2646 per
332 2563 468 2647 jugulum
484 2563 588 2645 pennis
603 2576 688 2626 tenus
703 2574 768 2638 acta
781 2562 886 2644 sagitta
898 2575 961 2633 est.¹

150 2661 275 2744 Expulit
289 2661 366 2722 hanc
380 2659 513 2742 sanguis:
537 2669 628 2744 seque
643 2657 804 2743 ejaculatbs
819 2660 848 2723 in
864 2659 957 2722 altum

150 2753 278 2833 Emicat,
288 2763 324 2818 'et
337 2757 424 2840 longe
440 2757 588 2820 terebrati
602 2757 713 2840 prosilit
727 2757 808 2820 aura.

150 2854 280 2919 Ultimus
294 2852 424 2917 Ilioneus
438 2876 496 2916 non
512 2853 678 2942 profectura
692 2853 840 2938 precando

150 2951 278 3018 Brachia
292 2953 463 3014 sustulerat:
487 2951 608 3036 ‘Dique
622 2974 641 3014 o
655 2952 849 3030 communiter
863 2951 987 3028 omnes,'
1059 2951 1119 3014 115

150 3048 288 3136 Dixerat,
306 3048 436 3134 (ignarus
451 3073 510 3112 non
525 3072 628 3114 omnes
643 3071 708 3112 esse
719 3048 881 3135 rogandos)

151 3138 162 3184 ‘'
168 3146 309 3208 Parcite.'
354 3145 456 3214 Motus
470 3161 543 3222 erat,
557 3148 625 3212 otim
637 3145 699 3230 jam
714 3147 879 3210 revocabile
900 3146 992 3209 telum

151 3241 220 3305 Non
235 3241 299 3318 ibit,
314 3243 506 3326 Arcitenens:
529 3244 650 3307 minimo
664 3257 762 3305 tamen
777 3243 884 3305 oceidit
898 3243 946 3305 ille
958 3265 962 3324 ss

152 3338 303 3414 Vulnere;
324 3361 383 3401 non
398 3339 458 3401 altt
473 3359 610 3421 percusso
624 3340 713 3402 eorde
728 3339 844 3420 sagitta.

193 3435 289 3500 Fama
304 3436 382 3512 mali,
398 3436 557 3520 populique
573 3435 665 3509 dolor,
680 3436 875 3520 lacrymaeque
890 3455 1008 3500 suorum
1059 3435 1121 3498 100

108 3593 112 3606 ,
151 3533 231 3598 Tam
244 3533 345 3597 subitae
359 3547 482 3612 matrem
497 3543 608 3596 certam
622 3531 719 3594 secere
732 3532 831 3608 ruinae,
907 3565 913 3574 ·
