2604 4216
603 423 711 474 arena
730 423 776 475 rv.
1130 419 1169 481 51
1188 479 1192 490 ,

239 573 377 637 Imminet
392 573 556 658 equoribus
571 573 719 656 scopulus.
763 571 837 636 Pars
852 573 910 636 irna
923 587 1045 637 cavatur
1109 567 1172 656 205

197 669 362 748 Fructibus,
376 669 408 734 et
422 685 515 734 tectas
530 669 661 757 defendit
675 671 711 732 ab
727 671 865 733 imbribus
879 671 989 734 undas:

197 767 321 830 Summa
335 770 420 850 riget,
436 768 620 852 frontemque
634 768 664 830 in
679 781 813 852 apertum
828 769 946 852 porrigit
960 789 1069 854 equor.
1133 771 1137 778 “
1164 840 1170 852 .

141 921 145 927 .
196 863 334 948 Occupat
349 867 428 928 hunc
445 865 662 952 (viresinsania
676 863 800 950 fecerat)
817 864 888 928 lno:

197 961 296 1046 Seque
311 984 400 1046 super
414 967 547 1048 pontrim,
562 963 643 1025 nullo
657 963 769 1034 tardata
782 963 897 1040 timore,

196 1057 301 1136 Mittit,
315 1081 447 1143 onusque
462 1081 559 1122 suum.
603 1059 749 1122 Percussa
762 1059 915 1122 recanduit
929 1061 1019 1124 unda.
1105 1061 1170 1129 210

236 1157 282 1218 At
297 1155 400 1219 Venus
417 1157 567 1220 immeritae
582 1157 679 1241 neptis
693 1158 830 1220 miserata
843 1157 968 1235 laboreS,

195 1252 245 1340 Sic
259 1267 364 1336 patruo
377 1254 506 1316 blandita
519 1276 573 1316 suo
587 1269 648 1317 est:
672 1253 723 1316 ‘O
738 1276 848 1316 numen
864 1276 1016 1338 aquarum,

192 1347 337 1413 Proxima
349 1351 397 1413 cui
411 1351 490 1414 coelo
503 1351 602 1428 cessit,
617 1349 759 1434 Neptune
774 1365 922 1436 potestas3

193 1445 308 1530 Magna
321 1447 440 1532 quidem
454 1469 561 1531 posco:
585 1445 638 1510 sed
653 1462 685 1511 tu
700 1450 837 1512 miserere
851 1469 996 1527 meorum,

193 1543 305 1608 Jactari
320 1567 392 1628 quos
406 1546 500 1608 cernis
515 1545 546 1609 in
560 1543 644 1608 Ionio
657 1546 801 1608 immenso
810 1566 826 1609 z·
1104 1541 1168 1612 215

194 1640 236 1703 Et
252 1641 297 1703 dis
311 1641 387 1704 adde
401 1643 468 1706 tuis.
513 1641 624 1727 Aliqua
637 1656 668 1705 et
682 1643 753 1705 mihi
768 1643 860 1724 gratia
873 1655 965 1725 ponto
979 1655 1041 1709 est:

193 1734 227 1800 Si
242 1738 386 1800 tamenin
401 1738 450 1800 dio
465 1737 611 1822 quondam
627 1753 763 1802 concreta
777 1738 933 1822 profundo,

192 1833 307 1919 Spuma
322 1835 373 1914 sui,
387 1835 572 1921 Grajumque
588 1850 688 1899 manet
702 1837 773 1900 mihi
787 1859 896 1900 nornen
911 1838 948 1900 ab
963 1837 1037 1900 ula!

192 1933 307 1996 Adnuit
320 1935 414 1998 oranti
428 1933 605 2018 Neptunus3
627 1948 658 1997 et
671 1935 789 1998 abstulit
803 1935 869 2013 illis,
933 2015 936 2022 ἱ

192 2029 284 2103 Quod
300 2033 420 2094 mortale
435 2031 506 2109 fuit;
528 2031 770 2117 majestatemque
787 2033 946 2096 verendam
1101 2033 1166 2102 220

191 2125 353 2211 Imposuit3
374 2151 542 2213 nomenque
557 2130 643 2192 simul
657 2129 822 2213 faciemque
837 2131 976 2194 novavit:

191 2223 426 2311 Leucotheiique
440 2226 529 2287 deum
543 2248 612 2288 cum
626 2240 719 2286 matre
734 2223 904 2289 Palaemona
919 2227 1003 2291 dixit.

275 2477 401 2536 GADMUS
417 2477 460 2522 m·
483 2473 655 2520 HERMIONE
677 2477 712 2520 IN
735 2477 920 2520 SERPENTES
942 2479 1077 2522 marl.

615 2660 645 2702 v.
658 2641 730 2738 562.

188 2806 293 2872 Nescit
306 2807 491 2890 Agenorides
506 2822 604 2871 natam
619 2830 801 2893 parvumque
814 2825 957 2894 nepotem

187 2903 328 2989 AEquoris
342 2927 407 2967 esse
423 2905 504 2966 deos.
522 2921 529 2934 ·
548 2904 649 2969 Luctu
663 2907 795 2989 serieque
810 2909 954 2972 malorum

189 3001 307 3080 Victus,
321 3014 352 3063 et
366 3001 498 3078 ostentis,
514 3022 577 3084 quae
592 3001 717 3084 plurima
731 3003 854 3079 viderat,
865 3005 928 3067 exit
1097 3011 1160 3078 225

188 3099 333 3164 Conditor
348 3100 419 3162 urbe
433 3096 506 3175 sui3
528 3112 666 3181 tanquam
681 3097 795 3162 fortuna
808 3101 949 3181 locorum,

188 3196 257 3260 Non
271 3219 325 3260 sua
338 3219 370 3258 se
385 3209 549 3280 premeret:
572 3194 724 3280 longisque
739 3197 877 3262 erratibus
892 3215 974 3264 aetus

188 3293 319 3376 Contigit
334 3294 466 3377 Illyricos
480 3293 604 3378 profugi
617 3315 686 3356 cum
700 3293 826 3380 conjuge
840 3297 922 3361 fines.

187 3389 313 3476 Jamque
327 3391 410 3454 maiis
424 3393 565 3476 annisque
580 3412 693 3474 graves,
708 3393 779 3455 dum
795 3395 889 3478 prima
902 3409 1060 3460 retractant

187 3487 264 3551 Fata
277 3489 391 3566 domita,
406 3488 597 3572 releguntque
612 3511 679 3552 suos
694 3511 828 3552 sermone
841 3491 973 3570 labores3
1094 3495 1159 3560 230

188 3583 237 3651 ‘N
239 3606 288 3650 um
303 3606 385 3650 sacer
398 3585 447 3650 ille
462 3585 531 3649 meri
544 3585 682 3672 trajectus
696 3587 818 3670 cuspide
832 3589 992 3671 serpena*
