2610 4216
583 362 690 416 LIBER
705 365 765 416 XII.

187 507 328 598 Frangit}
351 528 381 577 et
395 509 527 576 incursus
541 535 605 597 quae
619 513 806 597 praedelassat
820 533 972 598 aquarum„

187 610 280 674 Insilit
290 609 371 674 buc:
394 610 559 692 mirumque
574 610 628 672 suit
642 609 789 694 potuisse;
811 611 946 674 volabat:

174 709 420 790 ·Percutiensque
434 707 532 769 levem
547 705 635 768 modb
650 705 725 768 natis
739 709 806 770 adra
822 707 936 790 pennis,
957 753 960 758 -

186 801 354 887 Stringebat
368 824 496 866 summae
510 801 571 864 ales
585 802 755 865 miserabilis
769 803 873 867 undas.
939 815 946 828 ‘
1093 803 1157 866 370

187 900 329 985 Dumque
344 901 442 975 volat3
464 891 570 961 moestd
584 898 724 975 similem,
735 899 917 985 plenumque
932 899 1058 984 querele

187 998 250 1062 Ora
263 998 372 1060 dedere
387 997 502 1072 son'um,
516 995 597 1057 tenui
611 995 784 1077 crepitantia
797 1009 901 1058 rostro.

70 1089 77 1102 '
189 1095 246 1178 [Ut
260 1094 330 1157 verb
345 1093 440 1175 tetigit
453 1106 568 1154 mutum
583 1105 613 1154 et
627 1092 690 1153 sine
705 1093 846 1174 sanguine
861 1115 986 1176 corpus3

186 1191 322 1254 Dilectos
335 1203 415 1252 artus
430 1189 567 1271 amplexa
581 1188 746 1251 recentibus
759 1190 823 1266 alis,

185 1287 306 1368 Frigida
319 1286 515 1369 nequicquam
530 1284 603 1346 dum
617 1284 698 1346 dedit
712 1286 811 1348 oscula
825 1285 942 1368 rostro]
1092 1289 1156 1352 375

186 1384 316 1446 Senserit
331 1384 389 1445 hoc
403 1380 506 1464 Ceyx,
521 1401 558 1442 an
574 1381 688 1442 vultum
703 1381 829 1444 motibus
844 1382 929 1446 unde

185 1479 305 1542 Tollere
319 1480 356 1541 sit
370 1479 461 1554 visus,
477 1477 602 1560 populus
616 1476 784 1540 dubitabat:
807 1492 836 1541 at
851 1480 900 1541 ille

186 1575 336 1638 Senserat.
381 1572 422 1636 Et
437 1572 567 1648 tandem,
582 1573 695 1655 superis
709 1574 921 1652 miserantibus,
936 1576 1024 1638 ambo
1103 1617 1106 1620 -

156 1728 168 1743 ‚
186 1672 266 1735 Alite
281 1683 440 1734 mutantur.
483 1667 566 1730 Fatis
581 1668 727 1730 obnoxius
740 1670 834 1732 isdem

132 1822 134 1827 ,
184 1769 273 1830 Tunc
288 1787 405 1851 quoque
421 1763 528 1826 mansit
541 1783 633 1840 amor,
648 1785 704 1826 nec
718 1764 882 1850 conjugiale
897 1767 1025 1830 solutum
1091 1769 1155 1834 380

183 1863 212 1928 F
213 1865 298 1928 oedus
312 1864 342 1926 in
357 1861 481 1924 alitibus.
527 1858 658 1938 coeunt,
673 1861 804 1945 fiuntque
820 1878 973 1946 parentes:

184 1961 302 2044 Perque
318 1960 379 2021 dies
394 1957 535 2041 placidos,
550 1957 673 2019 hiberno
687 1969 831 2042 ternpore,
846 1976 961 2044 septem

184 2055 307 2120 lucubat
322 2053 479 2138 Halcyone
493 2053 687 2137 pendentibus
702 2077 816 2138 aequore
832 2056 917 2120 nidis.

183 2152 265 2216 Turn
280 2153 328 2216 via
342 2166 405 2214 tuta
418 2150 522 2214 maris:
547 2164 649 2212 ventos
664 2149 801 2229 custodit,
817 2167 847 2214 et
860 2169 941 2217 arcet

183 2250 288 2314 AEolus
304 2270 439 2332 egressu:
464 2259 638 2330 prestatque
653 2249 808 2330 nepotibus
823 2271 930 2333 equor.
983 2277 989 2288 ·
1089 2253 1153 2318 385

501 2501 835 2524 —a—-n——nuu'—

543 2733 681 2798 LIBER
715 2735 789 2800 Xll.

550 2926 643 2968 mm
664 2927 782 2970 DOMUS·

617 3096 647 3136 v.
662 3077 716 3138 39.

178 3222 261 3287 Orbe
275 3223 358 3286 locus
371 3221 471 3286 medio
485 3235 531 3286 est
545 3221 796 3306 intentumque,
810 3219 987 3310 fretumque,

179 3320 387 3404 Coelestesque
402 3320 513 3403 plagas,
527 3317 648 3402 triplicis
661 3320 786 3382 confinia
799 3320 919 3398 mundi3

178 3417 279 3495 Unde,
295 3416 374 3500 quod
389 3430 583 3499 estnequam,
599 3417 733 3500 quamvis
747 3418 911 3500 regionibus
927 3419 1012 3498 absit,
1035 3497 1040 3508 .

178 3515 335 3600 Inspicitur
343 3536 352 3592 ;
374 3527 567 3599 penetratque
582 3536 671 3578 cavas
687 3537 747 3578 vox
761 3517 856 3580 omnis
869 3517 907 3580 ad
921 3539 1019 3580 aures.

436 3611 502 3674 10*
